3734 5750
309 379 378 453 tot
742 374 945 448 Luuoviut
967 374 1087 445 eleuci
1111 376 1256 445 TRACT.

379 553 429 620 33.
456 554 657 618 Procurator
673 551 713 612 iu
737 548 943 614 substitucudi
961 556 1050 632 actu,
1073 548 1123 611 uti
1143 557 1241 628 potest
1263 547 1394 631 quolibet
1418 548 1507 613 verbo
1530 548 1613 633 qual

510 660 578 742 ejus
600 659 730 740 explicet
752 657 955 722 uoluntatem.

377 769 428 835 30.
453 771 496 834 Et
518 785 640 850 semper
662 766 817 849 capienda
833 774 876 831 est
891 764 1111 846 interpretatio
1121 782 1181 845 per
1195 777 1293 847 poam
1308 773 1397 828 actus
1412 765 1614 831 substiuctuc.

400 1095 427 1162 1.
453 1008 625 1182 Quoniam
648 1094 753 1175 potest
773 1089 965 1173 contingere,
987 1089 1072 1171 quod
1095 1090 1121 1155 is
1142 1089 1194 1154 cui
1218 1108 1276 1171 pro
1298 1089 1428 1155 citerius
1448 1089 1556 1155 litibus
1576 1094 1609 1156 ct
1623 1107 1682 1154 ne·

311 1208 407 1291 gociis
428 1222 544 1271 munus
566 1199 779 1284 procuratoris
801 1197 862 1262 iuit
883 1197 1116 1272 demandatum,
1140 1197 1188 1262 vei
1209 1197 1302 1276 nolit,
1325 1196 1371 1261 vel
1394 1214 1455 1261 non
1471 1197 1568 1278 possit
1586 1197 1683 1263 dictis

310 1317 417 1381 litibus
439 1314 484 1380 vel
509 1310 645 1394 negociis
668 1309 798 1390 ipsemet
819 1322 989 1387 superesse,
1011 1305 1064 1370 sed
1085 1305 1214 1370 ulterius
1237 1321 1331 1388 opera
1353 1304 1395 1370 sit
1416 1304 1473 1368 sibi
1494 1304 1682 1381 necessarie3

310 1430 475 1508 propterea
498 1427 547 1486 est
567 1417 797 1484 discutiendum
820 1430 860 1477 cn
883 1414 927 1477 iili
947 1396 1043 1479 ¹iiceot
1063 1414 1104 1479 ved
1126 1415 1225 1479 dictes
1246 1413 1316 1478 lites
1337 1411 1535 1491 exercendas,
1555 1410 1604 1475 sel
1626 1428 1682 1473 nc-

312 1535 400 1616 gociu
423 1528 598 1613 peragenda
622 1526 718 1590 ulium
741 1523 932 1588 substituere
955 1527 988 1586 et
1011 1521 1169 1586 inlocum
1192 1539 1286 1585 suum
1308 1537 1432 1603 ponere.

399 1639 428 1704 3.
451 1641 493 1706 Et
516 1656 573 1720 pro
597 1640 687 1719 perte
709 1632 854 1716 negativa
876 1632 1004 1695 uidetur
1025 1647 1142 1714 urgere
1165 1630 1257 1709 retio,
1272 1629 1356 1709 quod
1380 1628 1572 1693 constituens
1595 1624 1681 1688 illum

310 1751 559 1832 procuratorem,
580 1741 711 1825 clegerit
741 1740 886 1821 peritiam
909 1743 943 1802 et
965 1737 1152 1804 industrium
1175 1754 1324 1820 personae
1346 1737 1438 1816 illius,
1452 1736 1535 1801 unde
1557 1733 1683 1799 videtur

310 1853 507 1921 inferendum
529 1850 615 1931 quod
637 1866 698 1912 non
720 1847 819 1929 possit
839 1845 938 1910 elium
961 1845 993 1909 in
1014 1864 1108 1911 suum
1131 1845 1235 1911 locum
1267 1847 1426 1924 sufficere,
1445 1847 1539 1928 jusu
1561 1853 1625 1908 not.
1646 1843 1681 1905 iu

311 1983 378 2045 cap.
400 1964 453 2046 pta.
476 1969 556 2025 ectr.
579 1960 615 2022 ele
637 1957 711 2039 offic.
735 1956 825 2036 lctep.
847 1963 875 2018 et
898 1956 933 2018 iu
958 1952 1055 2019 Clcm.
1079 1950 1096 2015 1
1121 1953 1184 2018 eod.
1207 1956 1253 2018 tit.

398 2069 427 2135 3.
449 2071 590 2143 Verum,
612 2070 650 2131 ut
672 2065 748 2129 bueo
780 2063 911 2128 materie
944 2062 1091 2126 distincte
1113 2067 1146 2126 et
1168 2061 1251 2125 clere
1272 2061 1467 2144 explicetur,
1497 2060 1579 2123 duee
1610 2060 1683 2120 sunt

311 2178 468 2244 faciendae
499 2173 702 2258 inspectiones
725 2172 756 2234 iu
777 2170 927 2253 separetis
958 2169 1112 2251 capitibus
1141 2167 1363 2234 discutiendae.
1385 2170 1493 2235 Prima
1516 2167 1579 2231 crit
1601 2165 1683 2229 circe

310 2290 549 2368 procuratorem
573 2282 612 2346 ad
635 2279 704 2345 lites
733 2283 767 2343 et
788 2278 827 2342 ed
847 2277 1024 2360 judicieiie3
1044 2277 1142 2341 ultera
1165 2277 1246 2342 circu
1270 2283 1509 2360 procuratorem
1531 2275 1572 2339 cd
1588 2291 1685 2357 nego-

310 2395 357 2458 ciu
381 2399 473 2457 extro
495 2389 649 2473 judicium
672 2385 871 2469 explicanda,
893 2384 1039 2467 exemplo
1055 2386 1146 2449 luris
1162 2384 1307 2452 Consulti
1327 2389 1364 2450 iu
1390 2387 1425 2451 L.
1448 2388 1476 2449 si
1495 2392 1684 2468 procurato

312 2519 379 2563 rem
401 2497 425 2585 3
450 2496 489 2577 1,
510 2502 543 2562 et
565 2497 607 2560 ibi
631 2493 721 2559 Bart.
746 2512 777 2557 re.
801 2492 817 2555 1
841 2503 870 2558 ct
894 2492 915 2555 3
937 2493 1102 2576 ffnuud,
1128 2492 1299 2559 Coroccius
1321 2496 1357 2560 de
1379 2498 1470 2560 locut.
1491 2504 1520 2560 ct
1542 2493 1685 2557 conduct.

312 2610 348 2673 iu
375 2609 420 2672 tit.
451 2607 487 2671 dc
518 2604 715 2685 sublucetp.
740 2598 890 2677 secu,
916 2602 1077 2667 Franco
1102 2600 1195 2666 Pout.
1229 2604 1311 2669 cous.
1342 2602 1384 2667 55
1414 2622 1446 2667 u.
1476 2598 1521 2665 ts
1553 2619 1629 2666 cers.
1656 2609 1683 2663 rt

311 2715 404 2781 tuuc.

399 2818 431 2887 l.
454 2822 490 2888 ln
512 2822 614 2905 primu
638 2805 827 2904 inspectione
848 2824 896 2887 est
915 2820 1069 2887 firmanda
1093 2822 1201 2907 regule
1224 2824 1367 2907 uegetivu
1390 2822 1429 2888 ud
1455 2828 1592 2889 mentem
1616 2820 1686 2884 lcu-

308 2940 410 3013 pecat.
432 2933 468 2996 iu
492 2930 528 2994 L.
549 2931 633 3013 quod
653 2932 725 3012 puis
747 2930 812 2994 cod.
834 2930 870 2993 de
890 2947 1030 3011 procur,
1046 2931 1082 2995 L.
1097 2932 1379 3012 siprocuratorcm
1400 2928 1424 3017 3
1442 2931 1471 3006 1,
1486 2936 1520 2997 et
1534 2930 1578 2995 ibi
1593 2927 1686 2993 Bort.

312 3060 343 3105 u.
369 3038 386 3101 1
409 3038 441 3122 ff
458 3039 586 3112 mand,
610 3049 691 3102 cum·
706 3037 774 3102 eb'is
794 3037 878 3121 epud
908 3037 997 3103 Vaut.
1019 3039 1055 3103 dc
1078 3039 1183 3104 uullit.
1204 3041 1242 3103 iu
1264 3042 1311 3104 tet.
1332 3039 1368 3103 de
1391 3039 1494 3103 uulllt.
1517 3055 1558 3101 cu
1579 3035 1687 3118 desert.

312 3148 466 3214 iubatilit.
490 3166 522 3211 u.
546 3144 620 3222 131,
646 3145 788 3211 Mcuocb.
809 3158 1004 3228 praesumpt.
1027 3143 1070 3212 33
1093 3165 1124 3212 u.
1147 3144 1164 3209 1
1188 3147 1237 3212 lib.
1259 3145 1291 3227 2,
1315 3145 1442 3213 Curocc.
1457 3146 1486 3209 d.
1500 3146 1546 3210 tte.
1560 3142 1597 3206 dc
1612 3140 1686 3204 sub

313 3257 402 3318 locat.
423 3262 542 3336 quaest.
564 3250 608 3317 33
631 3273 663 3318 u.
688 3249 718 3332 1,
741 3254 777 3318 L.
799 3254 838 3319 ab
860 3263 1025 3319 executore
1047 3252 1071 3340 3
1092 3257 1145 3338 piu.
1166 3254 1198 3338 ff
1215 3256 1252 3319 de
1269 3264 1436 3337 procurat.

402 3362 433 3425 ὅ.
454 3359 543 3439 Quae
566 3367 671 3426 tumen
694 3362 815 3444 petitur
837 3362 1000 3427 nonnullus
1030 3363 1251 3446 limitationem
1273 3381 1410 3446 querum
1433 3364 1535 3446 primu
1555 3366 1622 3439 est,
1644 3363 1684 3425 ut

312 3486 374 3532 non
397 3468 545 3550 procedet
567 3468 601 3533 in
623 3474 829 3551 procuratore
851 3472 1025 3535 constituto
1046 3472 1079 3536 in
1103 3490 1170 3536 rem
1194 3490 1283 3537 suum
1305 3473 1466 3555 proprium
1490 3471 1564 3556 (qui
1584 3470 1688 3552 quetis

312 3579 352 3643 sit
374 3577 514 3641 dicemus
545 3576 624 3640 inire
656 3593 723 3658 cop.
750 3576 840 3643 -c'xt
869 3579 905 3642 dc
932 3588 1141 3660 procuratore
1163 3582 1199 3643 iu
1230 3598 1298 3644 rem
1318 3577 1524 3663 propriam:
1553 3580 1580 3644 is
1600 3577 1685 3641 enim

311 3685 440 3766 proprio
460 3686 531 3767 jure
553 3685 651 3750 ulium
673 3686 706 3749 in
729 3686 833 3750 locum
856 3704 951 3751 suum
974 3704 1090 3770 ponere
1111 3693 1224 3770 potest,
1247 3689 1283 3753 L.
1305 3690 1396 3753 illam
1419 3689 1484 3754 cod.
1505 3689 1542 3753 de
1568 3674 1685 3764 donat,

313 3811 382 3875 cap.
405 3793 422 3855 1
448 3790 471 3877 3
495 3792 511 3856 1
537 3794 573 3857 dc
593 3779 758 3876 procurat.
788 3796 834 3858 in·
855 3792 896 3872 6,
919 3794 1011 3859 Bort.
1033 3798 1069 3859 iu
1091 3796 1119 3861 d
1143 3797 1180 3862 L.
1199 3807 1444 3881 procuratorem
1467 3794 1490 3883 §
1515 3796 1533 3861 1
1558 3817 1590 3863 u.
1618 3795 1688 3879 tls

313 3902 465 3977 maudut,
489 3902 589 3967 Andr.
612 3900 705 3967 Gaii.v
714 3904 848 3983 practie.
870 3903 1018 3968 obseroat.
1041 3906 1091 3971 dt.
1116 3902 1133 3967 1
1157 3907 1269 3972 observ.
1291 3903 1338 3970 'ld
1359 3925 1391 3971 u.
1416 3904 1455 3970 11
1479 3908 1514 3970 iu
1535 3908 1597 3990 tu,
1621 3905 1685 3972 Ca-

315 4010 420 4073 batliu.
441 4011 484 4073 od
506 4011 664 4075 coustitut.
687 4009 810 4075 Marcie.
833 4012 882 4076 lid.
903 4009 925 4073 6
949 4031 1018 4095 cap.
1035 4011 1074 4075 11
1098 4016 1135 4080 iu
1159 4013 1256 4081 Gloss
1277 4019 1313 4081 iu
1335 4017 1414 4081 oerb.
1434 4026 1686 4098 procuratorum

315 4136 346 4179 u,
369 4114 396 4178 3>
414 4118 499 4180 circa
517 4120 642 4198 priuc,
668 4116 796 4184 Carocc.
817 4121 847 4185 d.
869 4130 988 4203 quaest.
1011 4118 1054 4186 33
1076 4141 1109 4188 u.
1133 4121 1184 4189 13.

403 4247 421 4285 u
444 4225 609 4300 Conclusio
630 4226 717 4308 quod
740 4233 928 4310 procurator
951 4230 991 4294 ed
1012 4230 1083 4296 lites
1113 4251 1175 4298 non
1206 4235 1305 4316 possit
1327 4234 1520 4300 substituere
1542 4233 1601 4298 nisi
1631 4231 1687 4297 be·

317 4356 334 4392 o
358 4335 430 4399 beet
453 4336 485 4400 in
507 4335 653 4401 mundeto
684 4336 865 4404 facultatem
888 4339 934 4404 vel
957 4340 999 4405 sit
1020 4341 1150 4406 effectus
1178 4341 1324 4407 dominus
1353 4341 1437 4418 litis,
1461 4359 1523 4406 nou
1545 4337 1687 4422 procedit

317 4463 333 4496 «
359 4440 391 4502 in
414 4449 619 4522 procuratore
640 4443 672 4507 in
695 4461 763 4509 reru
784 4445 960 4528 proprium,
976 4449 1032 4527 qui
1053 4453 1158 4530 potest
1177 4449 1371 4516 substituere
1393 4450 1489 4516 etiem
1510 4453 1584 4516 unte
1598 4448 1688 4514 litem

318 4567 335 4603 o
360 4550 576 4628 contestatum,
597 4549 670 4616 licet
692 4541 873 4618 fucultatem
897 4555 1076 4638 hujusmodi
1091 4557 1124 4621 in
1138 4558 1239 4640 specie
1260 4577 1322 4624 uon
1345 4547 1483 4639 heberet,
1506 4557 1687 4639 Ridolpbin.

316 4673 333 4709 o
358 4653 394 4714 iu
415 4669 513 4732 proc.
531 4673 605 4735 par.
628 4654 645 4719 1
670 4677 739 4740 cap.
762 4657 783 4723 3
805 4681 837 4727 u.
861 4660 912 4726 56.
1545 4729 1555 4747 Χ

294 4809 299 4820 .
404 4779 422 4817 e
447 4758 599 4829 Similiter
612 4782 673 4829 non
688 4767 831 4849 procedit
845 4769 877 4832 in
890 4785 983 4834 cuuse
1007 4788 1088 4852 quse
1110 4780 1255 4841 censetur
1276 4779 1421 4860 propriu,
1443 4784 1542 4862 prout
1561 4778 1687 4862 quando

315 4864 541 4949 «disputetur
570 4887 609 4935 en
632 4875 703 4954 quis
725 4876 767 4941 sit
789 4883 995 4961 procuretur3
1024 4885 1101 4948 tunc
1126 4883 1209 4950 enim
1241 4887 1313 4966 quis
1342 4893 1445 4969 potest
1474 4889 1687 4966 substituere,
