3734 5750
526 300 582 369 DE
605 301 991 369 PROCURATORIBUS.
1013 301 1102 369 cm).
1126 305 1191 370 CX.
1482 309 1546 377 593

171 479 200 544 d.
222 477 311 543 decu.
332 473 354 536 7
376 494 409 539 n.
423 472 463 551 8,
487 473 558 538 Rot.
582 479 652 554 post
674 477 817 537 nocuum
840 476 1015 538 tractatum
1037 473 1076 537 de
1098 472 1249 541 Gentibus
1271 477 1360 541 dccii.
1383 475 1447 543 190
1471 501 1502 546 u.
1527 480 1542 543 1

174 595 201 648 et
223 583 253 662 ἱ),
279 585 352 648 Dec.
375 602 456 647 conr.
477 577 544 645 193
567 600 598 645 n.
622 579 672 645 11.

261 691 313 758 tt.
336 694 522 759 Declaratur
543 691 698 767 suuncio,
720 695 758 756 ut
781 690 930 773 procedat
961 691 1065 771 quood
1097 693 1365 774 contrahentium,
1386 702 1420 762 et
1440 698 1545 778 quoad

169 820 206 867 eo
239 818 321 882 quae
353 801 526 882 respiciunt
554 799 855 863 administrationem
888 815 998 863 rerum
1029 802 1269 880 constituentis,
1289 821 1379 869 socos
1399 812 1544 889 respectu

169 929 284 976 eoram
308 928 390 992 quoe
413 911 495 974 fiunt
524 914 616 972 extro
649 907 972 987 administrationem,
992 913 1060 975 tor.
1081 910 1118 972 in
1142 909 1178 972 L.
1201 906 1222 971 3
1244 907 1268 994 S
1291 912 1319 973 ri
1339 917 1547 992 procuratori

172 1022 228 1085 coi.
249 1022 303 1102 fin.
325 1040 356 1083 n.
381 1015 423 1081 13
443 1018 473 1099 ff
491 1018 574 1100 prod
595 1017 675 1099 proin
691 1017 770 1096 iun,
787 1016 870 1081 Rim.
892 1021 972 1084 lun.
994 1032 1078 1079 conc
1101 1012 1166 1080 uto
1188 1034 1220 1080 n
1246 1014 1283 1080 11
1309 1026 1336 1081 et
1360 1037 1418 1101 rap.
1441 1019 1490 1083 tit.
1513 1017 1544 1091 3,

171 1131 306 1194 Mantic.
328 1130 357 1193 d
379 1130 425 1192 tit.
451 1124 492 1188 16
513 1144 545 1189 rr.
568 1121 621 1187 37.

261 1238 312 1302 50.
334 1239 518 1303 Declaratur
540 1235 654 1312 tertio,
678 1233 763 1314 quod
786 1234 810 1298 si
836 1234 895 1299 iste
918 1239 1111 1315 procurator
1133 1233 1226 1298 aliter
1246 1239 1428 1313 exequatur
1449 1250 1546 1313 quom

171 1348 270 1413 tuerit
292 1348 350 1413 sihi
372 1346 612 1419 demandatum,
627 1350 660 1406 et
675 1342 807 1407 excedat
830 1342 906 1405 finer
929 1340 1088 1419 mandati,
1104 1358 1165 1403 oon
1181 1345 1310 1405 unctor
1322 1341 1382 1403 uisi
1405 1339 1444 1403 de
1458 1340 1545 1414 dolo,

169 1459 362 1527 nouantem
385 1454 424 1517 do
445 1452 556 1534 eulpa,
572 1456 696 1532 utpote
720 1449 813 1513 Bart.
836 1451 873 1512 in
896 1450 932 1513 L.
954 1450 990 1512 in
1013 1450 1193 1515 venditione
1214 1447 1237 1533 §
1259 1451 1289 1512 ri
1309 1466 1399 1513 unuc
1424 1445 1439 1509 t
1468 1467 1499 1512 n.
1514 1496 1545 1511 ..

167 1561 204 1643 ff
221 1562 258 1626 de
280 1563 347 1626 don.
370 1571 492 1625 auctor.
508 1559 609 1640 judic.
630 1559 761 1639 possid,
775 1567 805 1622 ct
826 1560 863 1622 in
887 1558 921 1624 t.
942 1567 1137 1639 procurator
1159 1560 1213 1621 cui
1236 1558 1425 1640 peueraiitcr
1447 1557 1546 1621 didere

167 1670 208 1732 in
230 1670 282 1752 fin.
303 1669 334 1751 ff
352 1667 389 1731 de
410 1685 552 1749 procae,
577 1665 655 1730 (11οῆ
678 1665 762 1730 iiim
788 1665 858 1731 Sere
879 1684 963 1731 conc.
987 1663 1050 1731 201
1075 1663 1297 1731 11911112.

658 1875 893 1949 CAPUT
944 1878 1052 1949 cxl.

495 2102 551 2167 DE
574 2098 887 2166 PROCUBA'PORE
910 2100 954 2165 ΙΝ
977 2100 1072 2168 REM
1094 2099 1220 2167 SUAM.

694 2331 1019 2383 ΒΠΜΜΑΙΗΠΙΙ

260 2533 287 2598 1.
315 2536 515 2599 Procurator
536 2537 571 2599 in
595 2551 663 2597 rem
686 2552 779 2598 suam
802 2536 874 2617 quic
895 2535 1032 2599 dicatur.

255 2639 286 2705 2
312 2642 479 2720 Quomodo
501 2642 628 2725 differat
649 2658 671 2705 a
694 2640 832 2724 simplici
849 2652 1074 2723 procuratore.

255 2748 286 2814 3.
310 2750 379 2815 Non
401 2752 676 2832 comprehenditur
692 2752 749 2816 rud
764 2761 881 2816 statuto
896 2753 1040 2834 loquente
1055 2753 1091 2815 de
1107 2754 1245 2834 cimpticr'
1259 2762 1476 2835 procuratore.

255 2852 287 2922 It.
310 2857 336 2921 Α
360 2860 464 2939 dapum
486 2860 638 2925 tacorttur
659 2862 840 2942 proprietas
862 2860 1087 2926 mutatorum
1108 2862 1295 2927 demmdur.

256 2968 286 3031 5.
312 2969 448 3049 Proprie
468 2969 590 3033 dicitur
609 2979 814 3051 procurator.

256 3071 299 3138 6.-
312 3076 479 3154 eramodo
500 3093 521 3139 a
544 3077 711 3140 nonnuliis
732 3087 915 3153 asseratur,
938 3080 1114 3161 improprie
1137 3083 1231 3145 totam
1252 3083 1418 3163 appellari.

255 3182 286 3248 7.
312 3184 476 3267 Quidquid
497 3194 595 3265 potent
616 3187 751 3266 eimpiaa
769 3184 1076 3266 procuratoretr'am
1090 3187 1206 3252 notem
1227 3189 1358 3269 speciale
1380 3206 1475 3252 men-

366 3293 500 3370 datum,
515 3294 596 3356 idem
619 3303 647 3357 et
668 3295 770 3356 mutto
786 3295 888 3375 mapie
909 3302 1006 3375 potent
1025 3297 1273 3375 procuratorio
1288 3312 1356 3359 rem
1371 3313 1475 3359 mam.

257 3396 287 3463 8.
315 3399 428 3463 Tridui
449 3400 550 3464 modia
572 3402 785 3465 constituitur.

257 3504 289 3568 9.
302 3507 424 3569 Primo
439 3508 539 3584 modo,
561 3508 813 3590 manumittunt
827 3511 1031 3575 manduntur
1045 3511 1181 3577 directae
1192 3514 1346 3592 amianti,
1361 3523 1389 3578 u
1402 3531 1475 3578 cac·

371 3615 496 3680 dentem
517 3619 619 3681 actites.
685 3631 730 3662 ⁰¹¹¹*

239 3719 289 3787 tit.
315 3722 478 3800 Quomodo
502 3734 579 3789 tunc
602 3743 693 3807 apere
715 3728 826 3790 ualeat.

239 3828 290 3895 11.
316 3830 355 3896 Si
377 3833 509 3896 intentet
531 3835 623 3896 utitor
645 3834 783 3897 actiones
805 3836 933 3897 nomine
954 3837 1100 3915 proprio,
1123 3835 1170 3897 oet
1190 3835 1326 3898 directas
1347 3833 1476 3895 nomine

371 3943 589 4005 condimentis
611 3951 638 4004 et
661 3943 728 4020 ipre
749 3943 942 4006 constituent
964 3921 1223 4019 commoriatur,
1239 3950 1363 4005 terretur
1383 3940 1476 4002 ittum

366 4050 529 4130 &tendere
545 4053 580 4113 in
596 4051 679 4114 dieto
694 4051 941 4114 reconormionts
951 4049 1075 4130 judicio
1090 4049 1203 4132 udoque
1217 4069 1298 4112 noro
1313 4049 1474 4112 mundato.

238 4154 289 4219 12
311 4156 368 4220 {idi
388 4165 495 4220 tamen
517 4160 617 4240 faerit
639 4159 830 4222 constitutus
852 4168 1046 4239 procurator
1068 4160 1104 4222 in
1127 4175 1195 4222 rem
1211 4175 1305 4222 ruam
1320 4176 1362 4221 eu
1376 4173 1476 4220 cauca

370 4263 538 4328 lucrativa.

239 4369 290 4434 13.
315 4372 510 4437 Praesertim
535 4375 563 4436 si
583 4373 669 4437 iltius
685 4376 867 4440 constitutio
882 4377 921 4440 cit
938 4378 1026 4458 sacto
1050 4376 1086 4438 in
1105 4377 1254 4459 fraudem
1273 4376 1476 4439 creditorum.

239 4471 289 4540 11.
314 4475 459 4542 Secundo
468 4479 572 4554 undu,
587 4481 660 4563 quir
674 4484 881 4547 cerrnituitur
894 4491 1088 4563 procurator
1103 4485 1137 4546 in
1153 4500 1220 4547 rem
1236 4499 1329 4547 cuam
1343 4479 1474 4565 quondo

369 4588 417 4651 itti
440 4589 597 4652 aduritur
619 4592 760 4654 amanet
782 4593 876 4655 utitor
898 4601 927 4655 et
949 4609 1015 4656 uon
1040 4592 1244 4656 mandantur
1265 4592 1409 4656 directae.

239 4693 289 4759 15.
312 4695 449 4778 Utroque
471 4714 548 4761 cocu
572 4700 718 4779 quamuis
741 4707 930 4762 remaneant
956 4701 1095 4763 actiones
1116 4699 1252 4763 directae
1272 4715 1387 4780 poenae
1402 4716 1477 4762 con-

370 4803 560 4880 stituentmc,
582 4813 657 4870 cunt
678 4815 788 4870 taum
812 4807 924 4869 inance
947 4815 976 4870 et
998 4808 1177 4889 inuitauerit

1304 4912 1348 4975 75
