3734 5750
310 313 376 380 668
742 317 943 388 nunovml
963 323 1086 393 GENCI
1109 326 1255 398 TRAGT.

313 507 332 545 6
356 500 430 549 cum
453 502 515 550 ooo
545 491 659 571 agatur
681 487 720 552 de
742 490 889 556 mandato
911 477 1092 561 66666666
1122 501 1300 583 gratuitum
1329 503 1470 571 odicium
1496 507 1685 594 ingratiam

313 617 331 655 6
355 595 539 675 mandantis,
554 597 607 662 scd
629 597 668 661 de
690 597 837 664 mandato
860 600 943 666 lacto
966 603 999 666 in
1021 621 1090 671 rem
1111 608 1272 689 propriam
1295 614 1329 676 et
1342 616 1580 697 corrcapectivo,
1597 619 1685 699 oron

313 726 331 766 6
355 723 416 769 666
438 711 538 770 censat
559 724 616 788 per
638 713 774 773 mortem
796 710 891 775 etiam
915 713 1110 794 naturalem,
1132 716 1297 798 multoque
1320 721 1424 786 minua
1457 740 1515 806 per
1542 727 1686 804 civilem,

313 835 331 873 6
356 811 451 878 Card.
474 814 516 915 66ν
533 812 610 878 Luc.
633 814 670 883 de
692 816 798 880 credit.
821 827 848 882 et
869 818 960 884 datie
981 821 1055 886 diac.
1080 817 1143 886 168
1165 843 1197 887 6.
1222 822 1272 890 11.

400 917 452 985 66.
475 922 555 988 Cum
571 941 673 1005 neque
687 942 835 1006 exprome
850 930 992 993 revocari
1006 930 1112 1011 possit,
1123 937 1160 997 ut
1174 931 1295 999 dictum
1313 934 1375 1001 luit
1388 954 1566 1021 aupracop.
1576 939 1691 1007 CXVI

311 1032 348 1094 io
369 1030 482 1112 quibua
504 1032 627 1096 666666
648 1032 842 1096 mandatum
864 1053 932 1098 666
952 1038 1052 1116 possit
1074 1041 1229 1119 revocari,
1251 1041 1285 1104 in
1306 1044 1444 1109 aecundo
1466 1062 1549 1112 crau

399 1137 451 1202 66.
474 1140 562 1206 Licet
582 1141 666 1204 anim
697 1159 759 1204 non
789 1143 886 1224 possit
917 1159 1067 1208 exercere
1088 1146 1225 1212 actiones
1255 1148 1390 1215 directae
1422 1153 1546 1216 nomino
1568 1154 1686 1218 conati-

311 1250 448 1327 tuentia,
470 1268 530 1314 non
553 1254 659 1315 tamon
689 1250 878 1332 prohibetur
908 1250 1063 1317 intentare
1095 1255 1231 1347 aetianae
1263 1255 1358 1323 utiles
1385 1275 1427 1322 ex
1457 1259 1584 1341 propria
1615 1277 1688 1340 per-

309 1376 402 1437 sona,
425 1358 516 1422 Bort.
540 1360 575 1420 io
599 1358 637 1422 L
658 1376 732 1422 666
753 1359 840 1441 filius
861 1355 884 1443 S
907 1359 960 1423 aed
981 1361 1009 1425 6
1030 1363 1101 1454 quia
1123 1382 1155 1427 6.
1180 1360 1196 1424 1
1220 1362 1305 1446 ffde
1328 1365 1454 1444 donet,
1469 1363 1578 1446 66666
1594 1367 1630 1428 io
1648 1364 1684 1427 L

312 1469 516 1550 66666616
546 1463 1015 1549 6666666666166661.
1049 1477 1128 1550 pet,
1162 1468 1267 1535 Scocc.
1295 1472 1688 1553 6666166161616616

313 1577 408 1644 Gon.
433 1572 476 1638 16
497 1585 614 1659 quaest.
636 1573 679 1637 26
702 1595 734 1639 6.
759 1573 822 1639 169
845 1593 921 1640 ocra.
943 1586 971 1641 ct
992 1578 1028 1641 in
1052 1578 1111 1641 ltcc
1134 1581 1242 1660 specte.

398 1683 449 1751 66.
471 1685 692 1754 sublimitatur
723 1684 781 1749 latr
812 1684 932 1750 decima
964 1685 1128 1766 limitatio,
1159 1687 1283 1770 primm
1312 1692 1353 1754 ut
1382 1706 1443 1753 non
1474 1689 1628 1772 procedat
1657 1690 1685 1753 al

311 1798 502 1863 constituens
524 1794 680 1859 moriatur
702 1792 769 1857 siue
796 1792 950 1871 haerede,
973 1792 1120 1859 Gratim
1140 1796 1264 1879 dtaccot.
1282 1799 1385 1878 [oren.
1409 1814 1478 1878 cop.
1499 1793 1564 1860 361
1591 1815 1622 1861 6
1641 1796 1685 1868 7,

310 1911 344 1972 et
366 1922 421 1971 noa
443 1904 584 1971 dicemus
605 1900 685 1967 intra
710 1901 741 1965 in
766 1900 866 1982 prima
890 1901 1107 1979 declaratione

399 2007 715 2083 tumultuantur,
738 2008 895 2089 secundo,
917 2016 956 2075 ut
980 2015 1146 2076 revocetur
1177 2017 1281 2077 morte
1311 2011 1517 2089 mandatarii,
1541 2013 1578 2077 L
1598 2013 1687 2076 tuom

312 2122 376 2189 cod
398 2120 434 2185 cle
456 2121 581 2195 donet,
607 2117 712 2200 Scipio
734 2117 872 2183 Bouttos
896 2135 980 2183 6666
1001 2114 1046 2182 38
1069 2139 1101 2184 6
1124 2117 1154 2183 6.

401 2225 454 2292 68.
474 2226 653 2292 Dummodo
675 2226 719 2291 ait
740 2225 860 2290 tactum
882 2243 957 2292 cunr
987 2228 1124 2294 ceaaione
1150 2229 1293 2311 jurium,
1316 2245 1414 2305 aecua¹
1433 2230 1526 2304 6666,
1548 2230 1688 2298 nouum

312 2341 341 2405 d
363 2359 395 2403 6.
417 2336 448 2403 6.

399 2445 452 2526 69.
473 2444 656 2521 Undecimo,
679 2442 845 2523 limitatur,
868 2445 893 2511 sl
917 2445 943 2509 is
965 2445 1020 2525 qui
1043 2451 1282 2527 procuratorem
1297 2445 1463 2510 constituit
1478 2445 1636 2511 moriatur
1651 2461 1688 2528 re

310 2574 373 2623 non
397 2556 539 2637 integra,
561 2557 595 2617 at
617 2552 648 2615 in
680 2550 792 2615 eodem
813 2556 900 2617 statu
923 2559 1143 2635 permanente,
1163 2573 1236 2619 narn
1259 2571 1297 2618 eo
1318 2571 1392 2619 caan
1423 2553 1609 2621 mandatnm
1629 2571 1688 2635 per

309 2670 445 2730 mortem
468 2660 687 2726 constituentis
710 2677 771 2724 oon
795 2659 980 2737 resolvitur,
1005 2661 1042 2725 L
1071 2664 1100 2726 6
1128 2662 1315 2746 6666666,
1344 2665 1378 2726 ct
1407 2662 1449 2727 ihi
1480 2660 1580 2727 Gtoac
1598 2662 1630 2744 ff
1647 2662 1689 2725 dc

307 2778 489 2854 procurat,
513 2768 548 2833 L
569 2766 762 2831 6666666
785 2768 849 2831 cod
870 2769 1039 2849 666166,
1061 2770 1133 2839 Aac.
1154 2773 1191 2835 in
1204 2773 1426 2853 6666616166
1442 2790 1474 2836 6.
1497 2819 1505 2835 .
1528 2820 1537 2836 .
1558 2819 1569 2835 .
1587 2778 1621 2836 et
1641 2772 1687 2836 int

310 2879 406 2943 Butr.
429 2878 465 2940 ta
486 2878 590 2958 princ.
611 2877 647 2937 tn
671 2869 840 2941 toncourt
863 2887 942 2942 eutr.
964 2879 1001 2942 dc
1020 2879 1096 2961 attic.
1116 2879 1252 2963 666666,
1269 2885 1318 2949 Jo.
1334 2879 1536 2967 Futurus
1559 2882 1634 2946 666
1657 2884 1687 2944 ri

308 2987 414 3054 odlac
437 3005 469 3049 6.
491 2982 514 3046 2
535 2985 634 3048 indit.
657 2981 693 3047 dc
715 2984 1110 3067 6666661696666
1132 2985 1212 3073 ios
1236 2997 1317 3054 racto
1336 2986 1530 3055 redinant.
1554 3006 1601 3052 oo.
1620 2990 1684 3066 66,

311 3097 414 3170 8666
445 3093 554 3177 [lecal.
587 3088 654 3155 266
682 3093 718 3156 in
751 3088 768 3153 1
796 3093 937 3176 fodent,
971 3093 1063 3164 Guid
1095 3095 1177 3178 Pop.
1209 3095 1299 3162 decia
1333 3095 1396 3160 118
1427 3105 1456 3160 6
1486 3091 1572 3174 691,
1605 3095 1684 3159 Prot.

307 3208 398 3280 decit.
419 3201 463 3267 73
487 3222 518 3268 6
544 3199 560 3264 1
586 3201 635 3266 oo.
658 3197 697 3279 2,
728 3199 811 3265 Vino.
832 3202 868 3265 dc
890 3201 1031 3268 Fronclt
1060 3203 1150 3268 decit.
1172 3201 1237 3269 266
1259 3224 1291 3270 6.
1314 3203 1353 3282 3,
1377 3204 1477 3271 linio.
1505 3220 1591 3268 6666
1618 3200 1681 3265 115

308 3336 341 3381 n.
364 3309 408 3375 16
429 3321 458 3375 ct
482 3308 523 3373 15
547 3309 597 3373 tit.
621 3307 658 3388 1,
681 3306 789 3388 docel.
811 3309 847 3371 in
870 3307 906 3373 L.
932 3309 950 3371 1
973 3309 1380 3376 attondendum
1401 3310 1538 3390 obticet,
1561 3308 1685 3372 mooe

309 3422 381 3490 Ber.
403 3437 485 3486 corta
508 3412 552 3484 66
574 3436 606 3480 6
628 3413 670 3479 29
693 3416 742 3479 tu.
767 3413 796 3492 1,
818 3415 917 3482 Burs.
938 3437 1022 3484 conc
1044 3417 1087 3483 29
1109 3438 1199 3502 oum.
1224 3418 1266 3483 12
1289 3420 1338 3486 tu.
1363 3416 1400 3498 1,
1426 3416 1524 3484 Surd
1537 3433 1623 3482 6666
1636 3411 1683 3478 99

308 3549 339 3593 6
363 3526 379 3590 1
404 3526 453 3590 tit.
476 3522 515 3604 1,
539 3523 690 3588 Lcderch.
712 3542 794 3588 cona
822 3521 885 3590 169
908 3544 940 3590 6.
964 3525 982 3588 1
1006 3527 1055 3600 dt,
1081 3526 1121 3607 1,
1144 3528 1329 3610 Mancinum
1352 3528 1506 3608 6666666
1534 3526 1687 3590 ctam

310 3643 431 3700 centur.
455 3630 476 3693 2
499 3630 646 3695 otreroot.
667 3625 713 3694 86
734 3650 766 3695 6.
791 3629 807 3694 1
834 3643 862 3698 ct
884 3631 924 3713 6,
953 3633 1041 3699 Vont.
1062 3636 1101 3708 dc
1113 3637 1217 3708 6666.
1232 3638 1268 3700 io
1285 3637 1333 3701 tit.
1346 3636 1383 3701 dc
1398 3635 1504 3700 nollit.
1519 3632 1686 3715 6666166.

307 3743 464 3812 introitu.
494 3759 527 3803 6.
560 3736 643 3814 179,
673 3737 779 3806 Scocc.
809 3741 846 3805 dc
877 3750 1007 3808 cantem.
1039 3753 1068 3807 ct
1097 3744 1264 3824 rejudicot.
1295 3742 1391 3809 Gtcaa
1424 3737 1467 3805 16
1496 3749 1616 3824 cauea.
1638 3735 1683 3801 26

307 3873 340 3920 6
368 3849 432 3927 93,
464 3848 590 3931 Cyrinc.
620 3856 807 3913 controocra
832 3848 900 3930 jur.
931 3851 982 3934 ut.
1014 3849 1032 3916 1
1057 3861 1194 3934 controv.
1215 3849 1259 3916 68
1282 3872 1313 3917 6
1335 3850 1366 3917 3.

335 4001 338 4018 .
398 3981 415 4022 6
440 3957 627 4026 Mandatum
651 3956 760 4021 datum
782 3956 821 4021 ad
844 3958 1049 4024 obtinendum
1072 3960 1298 4040 coadiutorem,
1312 3965 1415 4027 morte
1429 3959 1605 4026 mundantia
1619 3977 1683 4023 non

309 4094 327 4132 6
350 4069 489 4152 expirat,
511 4065 575 4143 aed,
596 4081 634 4128 co
656 4064 813 4145 defuncto,
835 4070 939 4147 potest
959 4068 1172 4151 coadjutoriae
1185 4085 1242 4150 per
1265 4073 1503 4151 procuratorem
1526 4065 1681 4148 umectant

309 4201 327 4239 6
351 4191 535 4252 consensus,
558 4173 584 4237 ai
606 4172 675 4237 vivo
699 4172 865 4238 mandante
887 4173 987 4239 tucrit
1008 4182 1152 4258 porrecta
1173 4178 1359 4260 aupplicatio
1374 4177 1496 4260 signata
1510 4181 1545 4240 et
1558 4175 1682 4250 datnta3

309 4306 328 4344 6
351 4301 425 4347 666
448 4287 524 4347 tuac
546 4296 713 4344 consensus
742 4280 980 4346 retrotrahatur
1001 4283 1041 4348 ad
1061 4285 1146 4352 diem
1176 4286 1267 4352 datae
1288 4287 1328 4351 ol)
1350 4289 1589 4370 praesumptum
1621 4300 1676 4348 reu

309 4415 327 4453 6
351 4391 538 4475 implicitum
561 4405 756 4466 consensum,
777 4389 980 4455 resultantem
1002 4392 1128 4474 abipsa
1151 4394 1349 4476 porrectione
1370 4390 1620 4476 cooptationis,
1640 4404 1681 4453 ac

309 4500 531 4584 «diligentia,
552 4503 591 4563 ut
616 4496 666 4584 illa
696 4498 760 4580 jam
789 4496 912 4581 signato
944 4498 1130 4582 dotaretur,
1153 4499 1249 4567 Gord,
1278 4501 1315 4566 dc
1349 4500 1427 4565 Luc.
1457 4499 1494 4563 dc
1524 4497 1680 4580 tcnqtrlr'a

309 4633 328 4672 6
352 4610 426 4673 diac.
448 4603 493 4672 62
515 4628 547 4672 6.
569 4605 599 4671 9.

396 4737 414 4775 6
437 4716 625 4781 Mandatum
643 4719 746 4780 morte
760 4715 945 4800 mandantis,
961 4733 997 4779 re
1012 4716 1146 4802 integro,
1159 4718 1297 4801 eruunt,
1313 4718 1385 4783 llot.
1398 4718 1489 4783 decia
1505 4713 1570 4802 172
1585 4733 1616 4778 6
1634 4709 1680 4776 13

307 4820 611 4905 6666766661.
682 4881 685 4906 ,
724 4891 737 4906 μ
838 4895 840 4906 1
