3734 5750
515 307 572 376 nr
594 306 980 378 unocunaronmus
1002 310 1091 377 cra.
1114 312 1194 378 crv.
1474 298 1545 380 sac'

192 516 198 523 ·
237 481 288 546 15.
310 482 400 546 Alios
421 488 548 546 uuum
566 479 657 560 perti
677 478 720 542 ud
742 496 836 542 ortua
857 479 1015 551 mutuum
1038 488 1067 543 et
1089 481 1242 549 muruco

237 590 289 657 liu
311 590 381 659 Gur
403 592 444 657 ait
466 589 647 653 accesserit
667 588 831 669 proedicto
853 586 1002 651 mordaci
1024 587 1190 662 cottidie,-
1211 590 1379 655 remissive.

260 915 288 981 1.
311 828 483 984 Vidimus
503 914 537 978 in
559 910 756 995 praecedenti
777 912 880 994 capite
901 911 1028 992 qnando
1041 912 1088 981 sit.
1098 913 1336 995 producendum
1360 916 1542 983 mandatnm

171 1026 204 1092 in
226 1024 441 1107 iudicialibus,
455 1022 600 1103 seqnitur
624 1024 661 1085 ut
683 1019 842 1084 vidmmus
864 1020 990 1100 quando
1013 1019 1125 1085 debeat
1148 1020 1282 1101 produci
1295 1022 1327 1086 in
1342 1022 1463 1088 actibus
1484 1022 1539 1103 qui

172 1134 256 1200 dunt
277 1138 370 1199 extra
391 1131 554 1213 judicium.
576 1129 613 1192 ln
634 1145 698 1208 qno
718 1124 798 1209 juris
818 1126 953 1193 articulo
975 1133 1023 1195 est
1046 1128 1196 1193 firmanda
1219 1129 1387 1206 conclusio,
1402 1127 1486 1207 qnod
1510 1128 1543 1191 in

170 1240 379 1324 explicatione
409 1244 540 1304 actuum
570 1241 663 1301 extra
693 1235 849 1317 judicium
881 1234 1035 1310 iacienda,
1057 1242 1180 1301 constet
1201 1237 1241 1301 dc
1262 1236 1409 1301 mandato
1431 1234 1542 1301 asserti

169 1350 387 1433 procuratoris
408 1348 463 1427 qui
486 1344 705 1428 procuratorio
727 1343 853 1407 domine
874 1350 982 1410 actum
1004 1344 1161 1426 explicare
1183 1344 1253 1410 vult
1282 1360 1339 1426 per
1365 1342 1447 1407 illius
1469 1357 1543 1422 pro-

168 1455 369 1535 ductionem,
384 1454 527 1535 quamvis
549 1453 588 1518 de
610 1452 663 1517 illo
687 1468 749 1516 non
771 1452 969 1534 excipiatur3
989 1451 1066 1517 alias
1085 1451 1240 1534 quidquid
1264 1443 1458 1535 geriture'st
1472 1448 1543 1514 uul-

169 1565 239 1630 tum
261 1570 296 1631 et
317 1563 434 1629 nullius
455 1563 605 1640 effectus,
620 1560 714 1626 noto.
736 1561 772 1625 iu
794 1560 882 1625 retr.
895 1556 963 1625 coa
977 1561 1014 1627 dr
1025 1579 1109 1643 poca.
1124 1570 1242 1645 queret
1256 1555 1279 1623 lr
1293 1580 1325 1625 rs.
1340 1555 1372 1662 la,
1388 1559 1543 1627 camur.
1567 1640 1568 1643 Ἴ

169 1672 215 1737 ud
235 1672 417 1736 murteo„
440 1669 612 1751 Burpuud
641 1667 729 1732 rudr.
750 1661 773 1729 lt
792 1664 816 1753 3
838 1665 859 1730 5
880 1669 917 1733 in
944 1669 1018 1733 Tem.
1047 1686 1125 1735 aeus
1154 1672 1365 1749 moueretur
1387 1688 1420 1734 u.
1442 1667 1463 1730 a
1486 1670 1542 1732 col.

171 1776 391 1952 wlffino
421 1889 610 1969 procurator
638 1886 782 1966 momnis
811 1885 924 1951 naseu
946 1885 1128 1952 mandatum
1149 1886 1281 1967 speciale
1302 1886 1341 1951 ad
1364 1889 1542 1970 protestan-

45 2017 50 2027 ·
166 1995 247 2061 dum
267 1999 302 2059 et
323 1992 594 2076 interpellandum,
609 1992 702 2072 aude
724 1992 764 2058 ad
786 1993 933 2059 edoctum
956 1993 1132 2075 praefatum
1155 1996 1276 2075 requiri
1293 1994 1433 2061 diximus
1446 2012 1542 2077 supra

169 2121 240 2184 cop.
263 2100 381 2167 extit
403 2103 438 2165 ia
460 2101 574 2184 quidus
596 2101 719 2166 caridus
736 2103 918 2184 requiritur
932 2102 1124 2167 mundatum
1139 2103 1270 2183 speciale
1285 2102 1325 2168 ad
1340 2102 1401 2167 lroc
1417 2107 1454 2167 ut
1467 2118 1543 2184 pro-

168 2212 297 2277 testatio
318 2213 352 2274 et
374 2208 583 2290 interpellatio
603 2209 737 2287 afficiat,
758 2216 947 2293 procurator
969 2215 1099 2275 tenetur
1120 2212 1217 2277 ctiam
1241 2229 1303 2277 non
1325 2211 1496 2292 requisitus
1511 2210 1544 2274 in

168 2323 235 2405 ipsa
258 2318 483 2402 protestatione
503 2321 538 2382 at
561 2317 813 2401 interpellatione
833 2336 928 2383 mum
951 2318 1134 2383 mandatum
1155 2318 1317 2396 exhibere,
1333 2317 1425 2383 Burt.
1448 2318 1484 2381 ia
1506 2314 1543 2381 L.

167 2430 197 2494 si
218 2430 289 2511 puis
317 2428 477 2508 inficietur
499 2444 531 2490 u
557 2423 573 2488 1
597 2426 628 2509 ff
644 2427 765 2508 cirpea,
796 2426 888 2492 nata
910 2430 947 2491 iu
973 2428 1111 2493 drutr.
1142 2428 1208 2491 cod
1231 2444 1265 2491 eo
1287 2429 1333 2493 tit.
1356 2446 1388 2491 u.
1410 2422 1451 2504 lt,
1473 2426 1541 2508 Atti.

166 2533 258 2598 decia
281 2529 347 2596 316
369 2551 401 2598 rc
416 2528 457 2610 3,
472 2533 551 2614 dep.
573 2536 610 2599 iu
632 2535 668 2599 L
689 2534 727 2597 de
746 2535 873 2616 pupillo
896 2532 920 2620 3
943 2538 1000 2618 pui
1021 2537 1244 2617 procuratorio
1265 2554 1297 2605 rt.
1320 2533 1342 2596 2
1362 2534 1448 2616 tide
1470 2552 1540 2599 noo.

167 2659 254 2725 oper.
283 2658 399 2722 uuae,
430 2652 459 2707 ct
489 2643 525 2708 iu
552 2643 589 2709 t.
611 2645 660 2709 ait
680 2653 812 2725 mortar
833 2640 857 2729 3
879 2643 964 2726 quod
986 2646 1034 2710 uit
1054 2645 1141 2708 urea
1161 2645 1215 2725 flu.
1234 2643 1266 2725 tf
1283 2642 1320 2707 de
1341 2644 1382 2706 iis
1404 2660 1486 2724 puae
1508 2643 1554 2715 iu,

166 2752 279 2834 [reid
302 2749 418 2828 credit,
443 2750 520 2817 Sim.
541 2752 579 2816 de
602 2751 699 2830 Prot,
721 2752 777 2832 qui
798 2752 875 2818 alios
896 2752 1020 2835 allegat,
1041 2769 1126 2817 cous.
1151 2748 1214 2813 125
1235 2769 1268 2816 u.
1290 2746 1333 2815 30
1355 2750 1405 2814 lid.
1423 2747 1452 2827 1,
1471 2748 1540 2814 ilat

167 2861 259 2927 decis.
282 2856 348 2925 535
370 2857 438 2925 rr.8
461 2863 496 2925 ia
516 2862 570 2944 flu
590 2878 662 2943 pur.
686 2858 703 2923 1
729 2860 855 2928 licceat.

256 2964 286 3032 3.
308 2969 459 3036 Similiter
480 2970 506 3034 si
527 2986 584 3052 par
615 2974 854 3052 procuratorem
883 2969 927 3034 sit
956 2968 1170 3036 denunclrnda
1202 2966 1358 3033 venditori
1388 2964 1426 3029 lis
1454 2968 1540 3029 mota

164 3076 322 3158 emptori,
346 3083 533 3158 procurator
556 3078 615 3143 iste
644 3076 737 3142 debet
765 3077 805 3142 de
825 3095 884 3142 sno
906 3077 1054 3144 mundato
1077 3079 1109 3143 in
1132 3078 1197 3160 ipsa
1219 3075 1461 3141 denunciatione
1484 3072 1541 3137 do-

166 3199 257 3259 cere,
273 3180 364 3248 Burt.
377 3184 414 3249 iu
430 3184 465 3249 L
479 3186 538 3268 qui
559 3185 716 3251 ademtam
731 3204 762 3251 u
776 3183 800 3249 d
814 3195 842 3251 ct
858 3184 924 3267 lits
934 3185 971 3250 da
987 3204 1137 3268 procur„
1163 3185 1248 3251 iiim.
1276 3183 1351 3252 Sea.
1373 3202 1456 3248 cous.
1475 3180 1546 3246 147x

166 3284 368 3356 ulma

253 3393 284 3463 d.
306 3400 350 3466 Et
371 3399 445 3467 licat
467 3402 527 3467 ista
550 3402 614 3468 litis
635 3402 856 3482 denunciatio,
872 3405 1059 3486 protestatio
1082 3409 1116 3470 et
1137 3402 1346 3485 interpellatio
1368 3401 1445 3466 finnt
1455 3398 1539 3482 judi-
1576 3418 1578 3420 ’

166 3507 213 3571 cis
233 3508 443 3583 auctoritate,
467 3527 536 3596 non
550 3516 681 3593 possum
702 3516 807 3577 umen
829 3512 892 3577 dici
914 3516 1003 3578 actus
1022 3512 1200 3594 judiciales,
1221 3511 1274 3576 sed
1297 3510 1412 3578 debent
1433 3509 1535 3574 corui·

165 3616 270 3681 derari
293 3621 454 3696 umquam
475 3622 565 3683 actus
596 3619 670 3684 iacti
699 3623 791 3684 extra
812 3619 985 3702 indicium:
1008 3620 1177 3685 nonenim
1207 3618 1326 3684 dicitur
1355 3615 1539 3699 judiciarius

166 3722 300 3805 quilibet
313 3729 420 3802 actus,
434 3725 489 3804 qui
505 3743 561 3807 per
573 3724 711 3808 jndicem
729 3726 775 3792 tel
790 3727 873 3793 illius
886 3730 1078 3796 auctoritate
1092 3719 1279 3811 explicatur,
1299 3726 1354 3792 sed
1378 3724 1429 3789 ille
1443 3723 1538 3788 dnm-

167 3834 259 3895 taxat
280 3831 335 3911 qui
357 3849 419 3895 non
441 3838 544 3914 potest
563 3832 713 3915 explicari
728 3834 786 3899 nisi
802 3835 834 3899 in
850 3836 909 3901 iliis
928 3822 1043 3903 dicbus
1060 3839 1092 3901 in
1115 3838 1230 3918 quibus
1257 3836 1308 3917 jus
1334 3830 1489 3907 redditur,
1503 3834 1537 3896 et

164 3939 270 4022 judice
291 3940 418 4006 mente
440 3959 498 4023 pro
520 3940 686 4018 tribumli,
708 3947 746 4006 ut
768 3943 846 4008 bene
875 3944 1013 4010 declarat
1045 3944 1135 4008 uer.
1164 3962 1247 4008 cous.
1277 3938 1323 4004 78
1344 3957 1376 4002 rr.
1401 3933 1442 4000 16
1465 3955 1539 4000 cum

167 4048 289 4113 duodus
311 4067 389 4131 seqq.
411 4049 460 4114 tlt.
482 4047 513 4113 ὃ.

256 4155 351 4222 elit
372 4158 502 4239 proinde
524 4176 598 4225 curu
620 4166 711 4225 actus
732 4161 864 4241 pmeiati
886 4161 1005 4242 possint
1027 4161 1096 4226 tisri
1118 4159 1250 4244 singulis
1269 4160 1390 4239 diebus,
1413 4175 1540 4241 praece-

165 4264 259 4330 dente
280 4270 385 4331 tamen
405 4267 518 4349 judicis
540 4269 731 4336 audiuntote
746 4270 842 4334 etiam
857 4271 891 4334 in
903 4286 1029 4335 camera
1044 4274 1079 4335 et
1093 4267 1319 4334 deambulando
1342 4265 1536 4348 interposita,

167 4376 206 4438 nt
226 4374 420 4454 experientia
443 4375 509 4456 ipsa
530 4375 741 4452 demonstrat,
764 4383 926 4446 remanant
947 4383 1038 4444 octus
1058 4394 1146 4442 mere
1167 4374 1427 4458 estrajudiciales

253 4477 284 4545 6.
307 4482 475 4549 Caeterm
496 4486 579 4550 circa
593 4485 875 4570 deuupciatianem
896 4486 986 4554 lubet
1006 4486 1171 4554 adnectere
1193 4485 1440 4559 dubitationem,
1465 4482 1538 4548 licet

165 4605 203 4652 eu
226 4589 371 4656 rideatur
393 4598 486 4657 extra
509 4595 706 4676 propositum
720 4594 903 4671 aniculam
918 4613 957 4659 an
974 4595 1024 4660 illa
1042 4596 1108 4662 fieri
1124 4595 1222 4677 possit
1243 4593 1445 4676 procuratori
1465 4609 1538 4656 vea-

166 4698 294 4778 ditoris,
308 4717 350 4765 au
365 4717 440 4766 tero
459 4703 503 4768 sit
525 4703 661 4770 tamma
686 4706 742 4786 ipsi
766 4703 931 4770 meditari.
954 4706 997 4770 Et
1017 4706 1102 4786 quod
1126 4724 1187 4770 rron
1211 4705 1307 4787 possit
1331 4705 1398 4769 fieri
1422 4721 1537 4786 procu·

167 4811 266 4875 ratori
288 4812 341 4875 scd
365 4811 475 4877 debeat
491 4813 557 4876 deri
575 4813 700 4895 ipsimet
714 4812 874 4894 principati
890 4812 967 4896 dicit
984 4812 1076 4878 Bnrt
1092 4814 1127 4876 ia
1147 4813 1179 4878 t.
1194 4831 1259 4878 ueri
1283 4812 1385 4888 reum
1399 4807 1423 4894 3
1438 4818 1538 4873 morte
