3734 5750
503 403 558 469 oo
580 370 1078 476 onawossmssassaso.
1101 414 1169 478 xv.
1472 415 1512 480 π

173 608 190 629 ··
203 567 277 633 ..ob
299 569 883 638 sindicus·aeesuu·sb¹·untoenuoie
900 590 968 638 nan
990 588 1221 657 reaoqnoscente
1243 585 1452 659 asperiorem,

198 720 202 733 ·
309 688 450 759 potest
472 681 611 760 armies
629 682 670 745 ste
691 684 893 747 uniuersitate
915 684 1058 763 obliqare.
1104 730 1108 739 .

222 714 273 851 22
296 786 489 853 ilontcacuts
491 790 617 931 fuctus
639 789 690 852 ttb
697 809 736 852 eo
755 793 821 872 qui
817 790 919 853 babet
942 796 1122 871 potestaten
1151 796 1224 906 lepis
1254 799 1450 871 amandae,

221 1102 275 1169 21.
298 1107 392 1172 Debet
415 1120 556 1173 constare
577 1111 613 1173 de
635 1112 807 1177 auunculo
804 1116 991 1194 principis,
1008 1120 1093 1263 quaa
1117 1122 1185 1183 velit
1205 1118 1327 1202 aliquid
1341 1122 1451 1186 babere

271 1217 720 1297 ·ΜΜΜΜ
819 1258 833 1283 c

223 1315 277 1382 25.
302 1320 455 1403 Princeps
475 1326 688 1390 contrahendo
709 1328 1143 1412 ablipalurqutrnaclnocelum
1157 1336 1282 1419 quilibet
1295 1343 1449 1420 privatus.

185 1472 189 1481 .
224 1425 281 1495 26
301 1429 454 1511 Princqss
474 1450 540 1497 uon
559 1443 666 1513 potest
681 1454 740 1499 suo
762 1440 965 1502 morrena·
961 1444 1187 1506 controunire
1210 1447 1306 1510 etiam
1330 1449 1366 1511 sie
1386 1449 1452 1528 ple-

330 1540 501 1609 nitudine
518 1545 690 1622 marialis.
785 1602 789 1609 .
927 1602 931 1607 ,

193 1706 196 1717 ,
223 1642 276 1707 27.
300 1644 494 1721 Contractus
513 1660 589 1715 suist
605 1650 706 1729 -jurit
716 1655 866 1731 plutius».
1008 1704 1010 1711 ·

222 1747 275 1814 28.
296 1751 386 1819 oeus
405 1757 591 1835 inperatori
612 1757 740 1837 mair
760 1762 836 1842 ques
856 1772 887 1827 et
906 1766 972 1827 bon
995 1777 1183 1831 contractus.

218 1856 275 1922 29.
298 1860 455 1942 Princeps
475 1865 534 1943 leqi
556 1882 653 1946 quesne
674 1870 766 1948 tuit,
780 1872 838 1934 uti
854 1873 1006 1954 princeps
1022 1880 1095 1938 'nan
1117 1875 1289 1941 subiicitur.

218 1961 273 2030 36.
298 1966 369 2032 Non
390 1971 516 2051 quilibet
539 1984 720 2040 contractus
740 1980 848 2060 {utus
871 1985 1056 2064 aprincipe
1079 1984 1167 2047 babet
1190 1988 1253 2048 Μ
1275 1989 1356 2068 lepis.

219 2069 276 2155 31.
299 2073 494 2145 Contractus
515 2082 729 2149 unnusleatis
749 2096 878 2152 tanturn
898 2094 1093 2169 medentis
1107 2098 1272 2160 statuendo
1286 2100 1452 2165 universa-

286 2256 289 2263 ,
360 2186 431 2251 liter
453 2188 525 2266 nqis
547 2190 637 2257 babet
656 2192 801 2272 oiqorrnu
1014 2218 1016 2223 ’

219 2288 276 2353 32
302 2291 421 2357 Ciuitas
444 2304 471 2357 et
503 2299 692 2361 universitas
721 2319 786 2362 non
815 2314 913 2382 potest
945 2309 1013 2369 sine
1044 2326 1142 2373 causa
1175 2328 1224 2375 res
1255 2330 1331 2376 suas
1353 2313 1454 2375 alicui

357 2406 525 2484 anteferre.
562 2440 565 2449 =
721 2462 725 2469 .

212 2505 275 2571 33.
299 2507 429 2589 Ssrnpsr
450 2516 656 2591 spectandum
678 2527 721 2580 est
742 2534 810 2599 quo
827 2528 930 2583 mente
949 2523 1173 2602 quibustuae
1195 2527 1240 2587 ael
1261 2527 1323 2607 {iat

220 2613 274 2680 31.
300 2616 517 2683 Universitatis
537 2632 718 2687 contractus
739 2627 775 2687 in
798 2645 860 2706 qua
881 2628 980 2691 auur
1002 2630 1120 2692 sindico
1141 2632 1280 2711 incubas
1299 2632 1456 2711 obtiqanai

203 2766 206 2773 ι
319 2762 322 2791 ;
352 2744 507 2808 perram
527 2730 722 2809 sinqulans,
742 2741 778 2795 ut
794 2733 906 2797 babent
919 2736 984 2797 Μ
998 2737 1074 2816 leqis
1092 2746 1249 2805 menan
1270 2740 1453 2820 praecedere

356 2835 455 2914 teba,
477 2855 537 2918 per
556 2838 638 2920 quoa
660 2838 841 2920 buJ'usmoli
862 2841 1004 2921 [amitas
1027 2844 1146 2906 antico
1167 2845 1338 2909 tribuatur.

228 2945 281 3010 36.
306 2945 450 3010 sindicus
473 2947 702 3025 contrabustlo,
724 2958 801 3012 tusc
822 2948 970 3028 abliqaret
991 2951 1088 3013 etiarn
1107 2953 1284 3031 sinqulares
1305 2971 1457 3032 perronna

320 3085 323 3090 ·
358 3058 581 3122 universitatis.
705 3083 708 3088 ¹

228 3164 281 3230 36.
304 3165 495 3230 Unrnersitas
515 3174 621 3229 taraen
652 3174 811 3229 teneretur
841 3183 1025 3228 conservare
1054 3167 1213 3228 indemnes
1240 3167 1456 3246 particulares

356 3287 508 3352 personas
529 3271 710 3353 abliqatas'

228 3376 279 3442 31.
303 3379 498 3443 Declaratur
519 3380 672 3460 quomoda
690 3380 839 3460 pracedat
861 3391 898 3445 ut
927 3390 1108 3447 contractus
1136 3384 1243 3464 sactus
1271 3383 1310 3445 ab
1338 3401 1373 3444 eo
1402 3386 1458 3464 qui

358 3485 536 3550 casianum
557 3486 630 3566 teqts
650 3491 832 3567 polr'stotem
854 3489 960 3567 babet,
982 3491 1046 3553 Μ
1067 3490 1175 3554 leabetu
1200 3492 1280 3571 lepis.

252 3727 422 3880 Vidimus
441 3813 564 3893 quondo
587 3830 628 3876 ex
651 3818 813 3880 coninua
836 3816 945 3879 sindici
975 3816 1134 3900 obligatur
1163 3819 1227 3900 ipsa
1250 3820 1453 3896 universitas,
1476 3831 1523 3882 se*

165 3922 273 4004 quitur
289 3926 326 3984 ut
340 3921 499 3986 adeamus
518 3940 558 3985 so
580 3922 758 4005 obligantur
780 3941 929 4005 personas
951 3926 1122 4007 singulares
1143 3927 1280 4009 ciusdem
1303 3927 1523 3991 universitatis

175 4047 178 4052 '
252 4031 340 4095 1.1n
360 4048 422 4112 qua
444 4032 639 4096 dubitatione
661 4034 705 4095 sic
725 4033 907 4114 simpliciter
929 4038 963 4099 et
984 4033 1141 4098 indefinite
1163 4034 1524 4116 pronunciabantur

168 4141 375 4206 communitor
396 4140 572 4222 negativam
595 4145 716 4222 parbem
738 4145 811 4205 sant
834 4140 987 4223 amplexi,
1010 4158 1083 4206 oum
1107 4143 1165 4207 iste
1186 4143 1323 4208 bodicus
1337 4159 1398 4204 nan
1413 4141 1524 4205 habea

167 4248 347 4312 mandatum
362 4248 400 4311 ab
416 4248 475 4312 illis
497 4248 549 4313 sod
565 4249 603 4312 ab
627 4250 845 4328 universitate,
868 4251 903 4313 L.
926 4247 947 4310 2
967 4250 1096 4332 ffquea
1118 4252 1236 4334 cujusq.
1250 4252 1412 4315 universit.
1427 4269 1524 4328 narn,

38 4415 41 4424 .
169 4357 256 4422 osu.
279 4359 316 4421 in
340 4358 375 4424 L.
400 4355 415 4419 1
439 4354 463 4442 S
484 4358 568 4439 quad
588 4360 616 4421 si
636 4376 728 4422 nemo
755 4376 833 4421 cers.
857 4358 960 4437 jacta
989 4359 1045 4421 boc
1075 4361 1245 4440 quaeritur
1266 4358 1297 4439 ff
1313 4376 1348 4420 eo
1371 4361 1465 4421 titel
1487 4359 1522 4419 in

39 4471 40 4482 ¹
168 4465 199 4528 b
220 4467 332 4529 sicitas
354 4466 408 4528 eol.
430 4464 550 4528 2-Μ.
581 4467 723 4545 quaerit,
749 4463 845 4529 iilars.
875 4483 920 4529 an
950 4468 1008 4530 iste
1037 4466 1068 4548 ff
1093 4470 1121 4529 si
1142 4476 1213 4530 cert.
1242 4475 1303 4547 pet.
1327 4475 1354 4529 et
1377 4486 1459 4531 cons.
1480 4463 1524 4529 t7

171 4593 198 4637 a.
220 4573 238 4637 1
263 4573 313 4637 lib.
337 4572 376 4649 3,
402 4572 497 4640 corn
519 4591 600 4636 cons.
625 4571 686 4636 177
711 4594 742 4636 n.
764 4571 785 4635 6
808 4574 858 4636 lib.
879 4572 918 4650 2,
941 4574 1115 4638 Decaous.
1137 4570 1178 4635 61
1203 4592 1234 4635 n.
1256 4568 1295 4648 3,
1321 4571 1524 4638 Sebastianus

47 4723 51 4733 ·
177 4681 303 4745 Vantius
327 4685 362 4745 in
383 4691 523 4746 tractatu
545 4682 582 4746 ele
605 4681 708 4744 nullis.
727 4699 934 4763 processuum
958 4691 985 4745 et
1007 4682 1236 4745 sententiarum
1258 4683 1294 4744 in
1308 4683 1354 4744 tit.
1370 4681 1407 4743 ae
1421 4680 1523 4743 nullit

172 4807 207 4850 sa
226 4790 332 4871 lesui
354 4789 509 4854 innabilit.
531 4809 588 4854 seu
610 4791 752 4854 namu.
772 4809 806 4854 n,
828 4786 910 4865 161,
933 4789 1003 4855 Rol.
1026 4807 1108 4852 caus.
1131 4786 1172 4852 63
1194 4810 1224 4853 n.
1245 4786 1290 4854 28
1312 4790 1362 4853 lib.
1384 4785 1421 4864 lt,
1445 4788 1525 4852 And.

173 4895 247 4977 Gojl.
270 4900 307 4962 de
327 4908 438 4964 arrest.
460 4901 570 4981 imper.
592 4917 660 4980 cap.
683 4898 704 4962 9
727 4918 758 4962 u.
780 4897 802 4961 9
825 4907 853 4962 et
875 4916 970 4979 seqq,
995 4896 1113 4962 Onlea
1135 4918 1216 4964 cans.
1238 4895 1282 4962 86
1304 4916 1336 4960 n.
1361 4890 1402 4957 13
1424 4894 1474 4958 tib.
1498 4891 1524 4953 1.
