3734 5750
313 306 378 375 aba

743 297 944 372 sanantes
966 299 1087 374 cesar
1110 256 1257 375 rmcr.

402 474 432 541 9.
456 472 500 541 m
522 476 668 556 competit
690 484 756 538 tam
776 484 943 557 protracte
965 494 1064 558 quam
1085 495 1146 558 pro
1170 479 1288 541 usuris.

338 602 348 621 ¹
382 582 432 648 10.
454 583 637 649 Dummodo
662 581 892 647 mandatarius
914 584 955 647 sit
977 585 1085 649 soiitus
1108 588 1278 668 nepoeiari.

383 689 434 756 11.
459 690 613 771 Competit
638 692 732 756 etiam
756 691 941 756 habentibus
961 692 1154 759 mandatum
1176 713 1198 760 a
1221 695 1294 776 depe.

383 798 433 863 12.
458 799 639 880 Fidejttssor
660 801 749 865 babet
772 801 834 865 tale
856 794 1061 867 mandatnm-I

383 908 432 974 13.
456 909 501 974 Et
523 909 633 990 repetit
665 927 730 972 non
763 910 865 972 salum
888 911 991 974 setun
1024 911 1076 975 sed
1106 911 1225 975 damna
1255 928 1379 995 quoque
1402 922 1431 976 et
1455 915 1623 992 interesse,

514 1034 609 1099 passu
632 1014 793 1080 occdsione
814 1017 1029 1099 fideiussionis.
1362 1008 1364 1011 ’

383 1120 435 1188 11.
461 1124 617 1203 mamus
638 1126 699 1188 tale
721 1125 881 1190 damnum
905 1126 1071 1206 eontipetit
1091 1143 1170 1190 caste
1192 1127 1336 1208 samnite.

336 1252 341 1262 ·
385 1232 435 1298 15.
461 1235 565 1299 Potest
588 1243 724 1314 repetere
745 1248 900 1313 expensas
925 1235 1073 1316 quamtis
1097 1233 1298 1299 succubuerit
1321 1236 1355 1299 in
1379 1250 1488 1301 eausa.

384 1339 434 1408 16.
457 1343 563 1407 Imma
581 1350 684 1424 potest
707 1360 803 1406 nsua
824 1343 1004 1428 principati
1023 1348 1130 1422 petere
1144 1350 1181 1406 ut
1194 1343 1349 1422 pecunias
1370 1343 1625 1409 subministrant

495 1460 577 1533 'pro
600 1451 745 1532 expensis
764 1449 932 1533 faciendis.
1053 1460 1055 1465 ’

386 1558 437 1624 17.
462 1561 507 1651 Et
530 1560 628 1624 datur
648 1558 825 1642 fidejussori
850 1557 936 1621 dicta
958 1558 1041 1621 actio
1063 1573 1130 1621 non
1151 1556 1254 1621 tabum
1275 1563 1389 1620 eontra
1411 1557 1629 1634 mandantem,

514 1671 685 1735 sedetiam
708 1668 930 1732 contraiiius
954 1666 1108 1730 baeredes.

387 1774 438 1842 18.
462 1776 510 1841 Ac
533 1778 629 1841 etiam
651 1775 836 1840 increditus
857 1775 961 1855 ipsius
980 1774 1180 1858 fidejussoris.

385 1881 436 1948 19.
462 1883 633 1948 Praedicta
657 1885 740 1948 actia
763 1900 830 1946 nan
852 1882 951 1947 datur
971 1883 1148 1966 fideiussori
1169 1872 1300 1949 satuenti
1320 1884 1501 1950 indebitum.

383 1992 436 2057 211.
461 1993 547 2058 Unde
569 2010 628 2057 nee
649 1994 761 2075 repetit
791 2010 910 2057 usuras
933 1992 1140 2075 adquorum
1171 1994 1357 2058 sotmtonem
1387 1997 1456 2077 capi
1481 2012 1549 2060 nan
1568 2013 1623 2077 pa-

518 2109 609 2166 terat.

387 2209 440 2274 21.
463 2209 646 2275 Itummodo
670 2219 778 2273 tamen
801 2209 926 2274 sciverit
948 2209 989 2274 ab
1010 2227 1044 2274 ea
1066 2211 1206 2277 sotutum
1228 2211 1328 2293 (uisse
1349 2210 1532 2277 indebitum

268 2350 270 2353 ·
386 2317 438 2383 22
463 2320 551 2399 Quia
573 2319 678 2384 debuit
701 2335 763 2382 csse
787 2318 937 2400 dilinens,
960 2327 989 2382 et
1011 2319 1128 2397 debitas
1149 2320 1345 2401 exceptiones
1366 2334 1531 2400 opponere.

384 2425 437 2493 23.
460 2427 566 2512 Neque
588 2430 618 2492 ei
641 2427 740 2492 datur
761 2430 788 2490 si
811 2434 923 2490 temere
955 2426 1107 2509 titianeni,
1130 2444 1208 2491 nam
1238 2426 1442 2492 succumbens
1463 2426 1631 2507 aprinci-

519 2539 590 2619 pati
611 2555 679 2601 non
701 2538 811 2618 repetit
835 2550 999 2617 expensas.

385 2641 439 2711 21.
463 2647 549 2711 Licet
569 2646 763 2729 principalis
782 2644 968 2726 promiserit
992 2642 1083 2707 iilum
1104 2640 1218 2725 absque
1240 2641 1360 2705 damna
1382 2655 1580 2705 conseruare.

388 2752 441 2818 25.
463 2752 569 2837 Neque
592 2754 642 2817 itti
664 2754 764 2818 datur
785 2753 842 2835 qui
865 2752 1096 2816 contradicente
1118 2750 1296 2833 principaii
1315 2749 1475 2833 fidejussit.

387 2858 440 2927 26.
464 2859 520 2927 Sic
543 2879 667 2945 qnoque
689 2861 810 2926 soluens
839 2879 900 2942 pro
932 2856 1066 2925 debitore
1085 2854 1198 2925 'inbita
1219 2869 1248 2924 et
1270 2860 1502 2926 contradicente
1534 2857 1575 2923 ab
1597 2876 1634 2921 eo

519 2970 659 3034 solutum
682 2978 822 3050 repetere
845 2987 910 3032 non
934 2969 1023 3033 nabet.

386 3074 439 3140 27.
464 3074 621 3141 Similiter
641 3079 670 3141 ei
691 3077 775 3141 actio
803 3077 968 3159 praedicta
991 3094 1056 3140 non
1080 3077 1179 3140 datur
1201 3077 1230 3141 si
1249 3079 1350 3141 soluat
1371 3092 1437 3140 non
1458 3091 1533 3139 uero
1550 3088 1630 3155 pro-

519 3188 665 3250 curatori
686 3185 753 3266 ejus
772 3203 835 3267 pro
856 3203 919 3268 quo
941 3184 1107 3268 fidejussit,
1122 3186 1199 3267 quia
1223 3202 1290 3249 non
1311 3184 1452 3268 acquirit
1474 3183 1630 3246 actionem

519 3302 631 3359 eontra
645 3295 865 3375 principalem,
880 3294 933 3359 sed
948 3293 1174 3358 condictionem
1189 3293 1225 3357 ob
1240 3309 1374 3358 eausam
1389 3299 1503 3356 cantra
1523 3292 1631 3372 ipsum

517 3412 769 3486 procuratorem.

388 3508 440 3576 28.
465 3511 533 3575 Per
556 3528 654 3593 quam
677 3510 717 3574 ab
741 3529 775 3573 eo
797 3520 920 3593 repetat
945 3510 1092 3575 solutum.

387 3615 439 3684 29.
463 3617 671 3684 Mandataeio
693 3636 760 3682 non
784 3617 883 3683 datur
903 3620 987 3684 actio
1011 3628 1122 3684 eontra
1147 3619 1354 3684 nmndantem
1369 3617 1413 3681 ad
1427 3617 1630 3699 repetendum

520 3744 686 3807 enpensas,
708 3728 736 3790 si
757 3727 886 3792 damino
907 3745 969 3791 sua
991 3728 1087 3809 culpa
1110 3728 1267 3792 damnum
1289 3727 1379 3793 aedit
1474 3743 1476 3750 ·

388 3831 440 3898 30.
463 3833 524 3900 Nec
545 3844 714 3916 recuperat
736 3835 857 3899 damna
880 3835 940 3899 sibi
961 3853 1029 3899 non
1051 3837 1265 3917 eontinpentia
1288 3835 1465 3900 immediate
1480 3851 1522 3900 en
1537 3849 1629 3898 man-

520 3943 612 4021 data,
635 3944 689 4007 sed
710 3960 751 4007 en
772 3960 850 4007 casu
873 3946 1120 4024 superueniente.

390 4045 441 4113 31.
464 4049 561 4114 De‘cta
580 4051 707 4131 pariter
729 4051 811 4116 aetio
831 4051 1038 4115 mandatorio
1054 4069 1119 4117 nan
1135 4053 1251 4129 datur,
1268 4053 1326 4118 ubi
1337 4061 1435 4136 emeat
1455 4053 1559 4134 ipsius
1579 4053 1624 4114 in

521 4167 640 4222 teresse.

390 4264 442 4330 32.
467 4264 615 4332 Cessante
637 4269 802 4349 interesse,
826 4279 924 4335 cessat
946 4272 1029 4335 actio
1053 4271 1207 4336 mandati.

388 4371 439 4439 33.
465 4373 568 4441 Sicuti
590 4378 687 4441 etiam
711 4376 804 4441 siiiie
828 4395 895 4442 non
917 4371 1050 4443 seruauit
1071 4380 1147 4462 pines
1170 4379 1332 4460 mandati,
1347 4390 1375 4444 et
1397 4379 1469 4460 ep’us
1487 4381 1630 4463 (arnmot

522 4502 589 4547 nan
612 4486 759 4567 impleuit.

387 4585 439 4656 31.
470 4592 520 4657 Vei
542 4595 570 4657 si
591 4596 716 4677 aliquid
738 4596 827 4661 soluit
848 4596 884 4661 ob
907 4615 1001 4662 suam
1026 4597 1271 4662 contumaciam.

391 4696 443 4765 33.
466 4700 628 4767 Mandans
650 4719 694 4767 an
715 4706 813 4785 possit
843 4704 1052 4770 condemnari
1074 4708 1111 4770 in
1134 4706 1279 4787 expensis
1299 4713 1431 4789 prepter·
1460 4713 1631 4769 tantuma-

523 4810 606 4874 eiam
626 4814 854 4893 procuratoris.
