3734 5750
268 400 289 463 6
702 395 901 463 uuuovlcr
923 394 1044 462 CENCI
1066 398 1212 465 TRACT.

353 563 405 629 23.
428 564 495 629 Hoc
517 580 631 629 nornen
653 565 872 631 Procuratoris
892 565 988 629 etiam
1012 569 1115 645 potest
1138 564 1235 649 accipi
1264 580 1320 644 pro
1351 562 1505 627 curatore
1529 566 1565 625 ut
1589 578 1644 642 per·

269 672 424 737 Marcolr.
447 691 529 737 coos.
552 670 617 734 268
640 692 670 735 3.
693 672 755 751 25,
778 674 831 736 sed
854 673 1044 755 improprie,
1067 672 1142 753 quia
1164 670 1304 736 Curator
1332 676 1381 734 est
1412 668 1648 733 administrator

266 784 470 861 necessarius,
493 784 684 851 Procurator
706 788 813 846 autem
838 782 1045 858 voluntarius,
1067 784 1105 844 ut
1128 779 1308 845 videbimus
1330 778 1410 844 inira
1427 778 1505 859 Cap.
1524 770 1646 842 XXIV.

354 886 406 956 aa.
428 889 534 968 Quare
555 891 647 972 Juxta
668 871 828 973 propriam
850 895 883 954 et
906 891 1048 955 strictam
1069 890 1329 977 significationem
1352 909 1414 953 uox
1436 890 1506 970 ista,
1527 893 1645 956 Procu-

266 1006 370 1077 rator,
391 1000 546 1082 signiiicat
568 1016 745 1081 personam,
768 1000 820 1062 cui
842 1000 883 1063 sit
906 999 985 1063 laeta
1009 999 1186 1067 commissio
1209 998 1330 1063 adhoc
1354 1004 1391 1063 nt
1417 999 1549 1081 negocia
1571 997 1648 1060 alte

266 1107 351 1185 rius,
374 1107 421 1171 vel
453 1107 485 1177 in
512 1107 629 1188 judicio
659 1108 707 1172 vel
736 1112 829 1171 extra
862 1112 969 1190 gerat,
992 1112 1029 1171 ut
1050 1107 1127 1175 dicit
1157 1106 1253 1173 Gloss.
1283 1110 1318 1171 io
1352 1108 1388 1171 L.
1413 1126 1488 1188 perc.
1511 1109 1546 1171 in
1572 1106 1649 1171 carl.

270 1215 476 1279 Procurator.
496 1214 527 1296 ff
553 1215 589 1277 do
609 1215 722 1295 pallio.
748 1213 864 1290 ludia,
889 1223 916 1277 ct
941 1217 974 1277 ia
999 1233 1066 1296 cap.
1093 1216 1290 1280 Procurator
1316 1219 1350 1280 ia
1373 1216 1648 1296 3336313333-

265 1326 402 1389 landam
423 1325 460 1387 de
481 1325 562 1388 elect.
586 1325 634 1387 lib.
658 1321 688 1386 6.

353 1432 405 1497 25.
420 1433 521 1499 Sicuti
536 1451 611 1510 vox,
627 1432 824 1511 Mandatum,
839 1433 966 1514 proprie
980 1433 1136 1515 significat
1150 1434 1266 1497 dictam
1282 1433 1535 1499 commissionem
1552 1437 1648 1515 prout

266 1544 298 1607 in
314 1543 396 1606 dieta
417 1541 642 1623 significatione
664 1540 747 1603 iliam
771 1542 936 1623 usurpavit
959 1540 1015 1607 JC.
1039 1544 1074 1605 io
1096 1543 1124 1605 d.
1148 1543 1183 1606 L.
1208 1540 1224 1603 1
1246 1542 1331 1625 {lde
1356 1544 1511 1617 Precor„
1528 1549 1562 1608 et
1577 1543 1647 1609 unde

266 1653 380 1716 elicere
400 1649 549 1714 debemus
578 1648 735 1713 dictarum
765 1666 877 1714 uocum
907 1650 1068 1731 propriam
1097 1649 1373 1732 significationem,
1407 1652 1544 1715 maxime
1573 1669 1645 1714 curn

266 1762 293 1825 l.
309 1759 342 1825 C.
358 1759 401 1823 ita
423 1758 523 1823 delas
544 1774 633 1822 voces
653 1758 809 1839 acceperit
830 1756 1003 1823 definiendo
1026 1759 1125 1824 dictos
1146 1760 1312 1837 terminos,
1328 1758 1421 1825 Bari.
1437 1764 1472 1825 iu
1489 1760 1525 1825 L.
1541 1779 1647 1825 amites

263 1868 377 1948 papali
397 1886 428 1929 a.
451 1864 493 1929 59
513 1866 544 1948 ff
561 1867 597 1929 dc
621 1865 701 1929 lost.
725 1874 752 1928 el
777 1865 862 1941 loa,
889 1866 975 1948 Ripa
999 1870 1033 1930 ia
1056 1868 1091 1931 L.
1116 1865 1133 1929 1
1158 1887 1190 1931 a.
1213 1866 1256 1931 96
1277 1869 1307 1950 ff
1326 1872 1354 1932 si
1376 1878 1447 1933 carl.
1467 1879 1528 1950 pet.

355 1972 407 2039 26.
430 1974 512 2043 Cum
532 1980 639 2041 autem
663 1974 850 2043 Mandatum
873 1974 927 2040 flat
950 1977 1089 2056 quinque
1112 1975 1212 2043 modis
1227 1981 1265 2041 ut
1280 1977 1417 2059 explicat
1434 1977 1563 2042 Paulus
1587 1976 1643 2043 lc.

266 2091 301 2151 ie
324 2086 359 2150 L.
382 2082 403 2146 2
431 2084 463 2167 [1
489 2083 598 2149 nana.
622 2093 650 2147 et
671 2086 780 2165 repetit
803 2083 956 2166 Imperat.
979 2085 1083 2149 133131.
1106 2086 1169 2149 eorl
1192 2088 1236 2148 lit.
1259 2088 1294 2148 io
1315 2089 1439 2167 princ,
1472 2088 1502 2149 in
1530 2088 1643 2167 quibus

267 2196 342 2259 locis
362 2194 437 2259 haee
459 2193 608 2274 exemplis
630 2192 837 2273 explicantur.

355 2301 406 2367 27.
429 2302 637 2381 Quocumque
659 2301 752 2365 modo
774 2301 996 2379 contrahatur,
1018 2321 1128 2367 verum
1144 2307 1192 2366 est
1207 2302 1327 2380 dicere,
1349 2302 1434 2383 quod
1450 2302 1642 2366 Procurator

267 2412 394 2493 proprie
423 2411 541 2475 dicitnr
570 2410 625 2490 qui
656 2410 754 2475 aliena
785 2412 913 2493 negocia
944 2411 1091 2476 mandato
1120 2410 1251 2477 alterius
1287 2411 1457 2493 injudicio
1480 2410 1526 2473 vel
1549 2413 1640 2471 extra

266 2518 477 2595 administrat,
500 2518 534 2582 L.
559 2516 574 2580 1
596 2517 680 2599 flac
707 2519 875 2587 Praeerat.
896 2519 952 2583 ool
975 2520 1131 2599 Ulpianus
1156 2517 1212 2584 lC.
1245 2520 1458 2600 procuratoris
1486 2517 1641 2582 definitio-

266 2645 336 2691 nem
361 2627 498 2692 tradidit.
521 2627 563 2691 Et
581 2628 672 2708 Juxta
695 2627 772 2691 hanc
795 2628 1052 2710 significationem
1068 2627 1099 2688 in
1116 2631 1182 2689 toto
1198 2626 1257 2690 hoc
1274 2633 1430 2705 tractatu,
1447 2643 1535 2690 uoces
1559 2627 1642 2703 istas,

266 2736 452 2802 Mandatum
474 2740 508 2799 et
529 2738 721 2803 Procurator
742 2737 939 2817 accipiemus.

353 2867 372 2906 a
398 2845 590 2910 Procurator
612 2845 730 2910 dicitur
751 2845 807 2925 qui
829 2861 871 2908 en
893 2844 1040 2910 mandato
1062 2844 1205 2924 alterius,
1227 2852 1260 2911 et
1283 2864 1340 2927 pro
1362 2847 1427 2927 ejus
1449 2843 1581 2928 negocio
1609 2858 1640 2906 se

266 2977 283 3015 a
309 2957 409 3037 gerit,
436 2954 605 3018 Samiolat.
628 2951 775 3018 Controo.
801 2950 864 3014 186
887 2971 917 3015 3.
941 2949 962 3014 8
985 2954 1032 3017 lid.
1056 2952 1085 3016 2

355 3084 373 3122 a
397 3060 548 3138 Quamvis
570 3061 788 3125 Procuratoris
802 3062 986 3126 vocabulum
1002 3063 1034 3124 in
1049 3063 1115 3143 ejus
1129 3062 1190 3126 laia
1206 3067 1239 3129 et
1255 3061 1398 3144 generica
1414 3058 1639 3142 significatione

267 3192 283 3228 a
307 3171 471 3233 conveniat
492 3169 636 3234 omnibus
659 3167 794 3247 illisqui
817 3168 948 3232 alterius
970 3169 1160 3235 Mandatarii
1182 3171 1257 3248 sint,
1279 3176 1375 3251 atquc
1397 3188 1470 3234 cum
1492 3168 1639 3232 mandato

267 3297 284 3334 «
309 3293 456 3356 expresso
471 3276 518 3339 vel
535 3280 735 3357 praesumpto
750 3275 849 3339 aliena
869 3278 998 3361 negocia
1021 3286 1132 3361 gerant
1155 3280 1201 3342 rel
1224 3280 1457 3356 administrent,
1479 3266 1574 3356 atque
1596 3277 1639 3339 le

267 3402 284 3439 a
309 3382 422 3465 galiter
445 3383 489 3447 illi
510 3383 748 3467 distinguantur
763 3384 846 3449 inter
860 3385 1086 3452 Procuratores
1099 3387 1140 3451 ad
1154 3390 1283 3472 negocia
1298 3387 1563 3471 extrajudicialia,
1584 3405 1637 3451 seu
1719 3413 1723 3422 ·

267 3513 284 3549 a
310 3491 506 3556 oeconomica
528 3495 561 3556 et
576 3493 800 3558 Procuratores
814 3492 854 3562 ad
866 3492 998 3576 judicia3
1019 3499 1173 3575 attamen,
1189 3516 1246 3579 pro
1261 3498 1419 3563 communi
1436 3517 1496 3564 usu
1512 3498 1640 3577 loquen-

268 3620 285 3657 3
309 3598 341 3661 di
365 3597 492 3676 Curiae,
516 3598 602 3664 istud
624 3599 809 3664 vocabulum
831 3601 1078 3668 Procuratorum
1102 3613 1349 3692 usurpaturpro
1365 3609 1472 3688 iisqui
1487 3609 1638 3672 3131333-

266 3732 284 3770 a
309 3726 415 3772 aarum
431 3708 556 3790 patroni
577 3697 750 3788 earumque
779 3709 968 3788 defensores,
992 3712 1203 3795 principaliter
1234 3715 1266 3778 in
1296 3716 1332 3779 iis
1354 3719 1529 3794 quaesunt
1552 3713 1639 3790 facti,

266 3837 283 3874 «
308 3816 450 3896 quamvis
465 3816 586 3880 nullum
609 3815 744 3881 habeant
765 3835 917 3899 procurae
948 3821 1145 3900 mandatum,
1168 3840 1269 3903 neque
1290 3828 1359 3887 acta
1379 3822 1534 3906 Judicialia
1558 3828 1639 3887 tanr-

266 3943 283 3978 «
308 3940 404 4002 quam
427 3922 503 3988 tales
526 3928 650 4006 gerant,
671 3942 744 3988 curn
767 3944 825 4007 pro
846 3927 1052 4008 frequentiori
1072 3932 1179 4012 praxi,
1195 3933 1268 3996 istas
1283 3937 1388 4015 partes
1403 3934 1467 3998 veri
1483 3935 1637 3997 Procura-

265 4051 284 4088 3
308 4031 399 4108 toris,
413 4031 469 4110 qui
491 4037 580 4114 gerat
594 4050 668 4098 cum
684 4033 830 4099 mandato
845 4053 998 4119 procurae
1012 4043 1080 4102 acta
1094 4040 1249 4120 judicialia
1265 4042 1423 4124 explicent
1436 4041 1639 4106 solicitatores

265 4158 284 4194 o
309 4136 355 4199 vel
375 4137 418 4200 illi
449 4140 650 4222 negociorum
673 4157 783 4205 curam
806 4141 966 4222 habentes,
988 4148 1043 4226 qui
1067 4152 1205 4230 Agentes
1234 4151 1447 4233 appellantur,
1472 4150 1568 4216 t'arri.
1592 4150 1639 4212 lla

264 4263 284 4319 3
309 4242 384 4306 Luc.
408 4247 442 4308 ia
464 4249 552 4312 relat.
577 4247 666 4312 Rom.
691 4246 768 4314 Cor.
792 4249 858 4313 Dia
881 4247 925 4314 lo
949 4272 980 4317 3.
1003 4251 1032 4320 8.
