<?xml version="1.0" encoding="UTF-8"?>
<!DOCTYPE html PUBLIC "-//W3C//DTD XHTML 1.0 Transitional//EN"
    "http://www.w3.org/TR/xhtml1/DTD/xhtml1-transitional.dtd">
<html xmlns="http://www.w3.org/1999/xhtml" xml:lang="en" lang="en">
 <head>
  <title>
</title>
<meta http-equiv="Content-Type" content="text/html;charset=utf-8" />
  <meta name='ocr-system' content='tesseract 3.04.00' />
  <meta name='ocr-capabilities' content='ocr_page ocr_carea ocr_par ocr_line ocrx_word'/>
</head>
<body>
  <div class='ocr_page' id='page_1' title='image "./tractatusdeproc00cencgoog_0313.png"; bbox 0 0 3734 5750; ppageno 0'>
   <div class='ocr_carea' id='block_1_1' title="bbox 543 320 1588 404">
    <p class='ocr_par' dir='ltr' id='par_1_1' title="bbox 543 320 1588 404">
     <span class='ocr_line' id='line_1_1' title="bbox 543 320 1588 404; baseline 0.013 -14"><span class='ocrx_word' id='word_1_1' title='bbox 543 320 601 392; x_wconf 82' lang='lat' dir='ltr'>DE</span> <span class='ocrx_word' id='word_1_2' title='bbox 623 321 1009 396; x_wconf 77' lang='lat' dir='ltr'>Pnocdunronlotls.</span> <span class='ocrx_word' id='word_1_3' title='bbox 1032 330 1121 399; x_wconf 80' lang='lat' dir='ltr'>CAP.</span> <span class='ocrx_word' id='word_1_4' title='bbox 1144 334 1258 400; x_wconf 83' lang='lat' dir='ltr'>Lvlll.</span> <span class='ocrx_word' id='word_1_5' title='bbox 1524 337 1588 404; x_wconf 75' lang='lat'>295</span> 
     </span>
    </p>
   </div>
   <div class='ocr_carea' id='block_1_2' title="bbox 254 485 1523 898">
    <p class='ocr_par' dir='ltr' id='par_1_2' title="bbox 254 485 1523 898">
     <span class='ocr_line' id='line_1_2' title="bbox 254 485 1523 584; baseline 0.009 -27"><span class='ocrx_word' id='word_1_6' title='bbox 254 485 257 492; x_wconf 77' lang='grc'><em>’</em></span> <span class='ocrx_word' id='word_1_7' title='bbox 285 490 336 558; x_wconf 78' lang='grc'>37.</span> <span class='ocrx_word' id='word_1_8' title='bbox 359 491 488 558; x_wconf 77' lang='lat' dir='ltr'>Mortuo</span> <span class='ocrx_word' id='word_1_9' title='bbox 510 494 657 568; x_wconf 75' lang='lat' dir='ltr'>domiso,</span> <span class='ocrx_word' id='word_1_10' title='bbox 681 496 835 577; x_wconf 78' lang='lat' dir='ltr'>quomodo</span> <span class='ocrx_word' id='word_1_11' title='bbox 856 500 980 579; x_wconf 76' lang='lat' dir='ltr'>concipi</span> <span class='ocrx_word' id='word_1_12' title='bbox 1001 499 1106 565; x_wconf 79' lang='lat' dir='ltr'>‹telcut</span> <span class='ocrx_word' id='word_1_13' title='bbox 1129 506 1284 567; x_wconf 74' lang='lat' dir='ltr'>renuntio</span> <span class='ocrx_word' id='word_1_14' title='bbox 1306 505 1342 566; x_wconf 84' lang='lat' dir='ltr'>io</span> <span class='ocrx_word' id='word_1_15' title='bbox 1363 521 1523 584; x_wconf 80' lang='lat' dir='ltr'>procuro-</span> 
     </span>
     <span class='ocr_line' id='line_1_3' title="bbox 415 602 694 684; baseline 0.004 -19"><span class='ocrx_word' id='word_1_16' title='bbox 415 602 493 667; x_wconf 80' lang='lat' dir='ltr'>torio</span> <span class='ocrx_word' id='word_1_17' title='bbox 513 618 694 684; x_wconf 75' lang='lat' dir='ltr'>perecount</span> 
     </span>
     <span class='ocr_line' id='line_1_4' title="bbox 282 705 1519 799; baseline 0.009 -27"><span class='ocrx_word' id='word_1_18' title='bbox 282 705 335 773; x_wconf 84' lang='grc'>38.</span> <span class='ocrx_word' id='word_1_19' title='bbox 360 708 499 787; x_wconf 56' lang='lat' dir='ltr'>&amp;suado</span> <span class='ocrx_word' id='word_1_20' title='bbox 519 712 616 792; x_wconf 75' lang='lat' dir='ltr'>possit</span> <span class='ocrx_word' id='word_1_21' title='bbox 637 713 780 774; x_wconf 80' lang='lat' dir='ltr'>reuocari</span> <span class='ocrx_word' id='word_1_22' title='bbox 800 722 994 793; x_wconf 79' lang='lat' dir='ltr'>procurator</span> <span class='ocrx_word' id='word_1_23' title='bbox 1013 713 1163 778; x_wconf 69' lang='lat' dir='ltr'>domim</span> <span class='ocrx_word' id='word_1_24' title='bbox 1185 716 1249 780; x_wconf 82' lang='lat' dir='ltr'>litis</span> <span class='ocrx_word' id='word_1_25' title='bbox 1269 716 1403 799; x_wconf 67' lang='lat' dir='ltr'>clectos,</span> <span class='ocrx_word' id='word_1_26' title='bbox 1420 721 1468 782; x_wconf 82' lang='lat' dir='ltr'>orl</span> <span class='ocrx_word' id='word_1_27' title='bbox 1480 723 1519 784; x_wconf 81' lang='lat' dir='ltr'>il-</span> 
     </span>
     <span class='ocr_line' id='line_1_5' title="bbox 414 818 1043 898; baseline 0.006 -17"><span class='ocrx_word' id='word_1_28' title='bbox 414 819 477 882; x_wconf 83' lang='lat' dir='ltr'>lirss</span> <span class='ocrx_word' id='word_1_29' title='bbox 498 818 690 882; x_wconf 81' lang='lat' dir='ltr'>mundatum</span> <span class='ocrx_word' id='word_1_30' title='bbox 712 820 855 898; x_wconf 72' lang='lat' dir='ltr'>ecpiretr</span> <span class='ocrx_word' id='word_1_31' title='bbox 877 822 1043 886; x_wconf 79' lang='lat' dir='ltr'>remissive.</span> 
     </span>
    </p>
   </div>
   <div class='ocr_carea' id='block_1_3' title="bbox 192 946 1672 4909">
    <p class='ocr_par' dir='ltr' id='par_1_3' title="bbox 211 946 1583 1549">
     <span class='ocr_line' id='line_1_6' title="bbox 304 946 1583 1121; baseline 0.001 -22"><span class='ocrx_word' id='word_1_32' title='bbox 304 946 480 1121; x_wconf 69' lang='lat' dir='ltr'>Quoniam</span> <span class='ocrx_word' id='word_1_33' title='bbox 501 1049 596 1118; x_wconf 83' lang='lat' dir='ltr'>supra</span> <span class='ocrx_word' id='word_1_34' title='bbox 618 1034 741 1116; x_wconf 86' lang='lat' dir='ltr'>saepius</span> <span class='ocrx_word' id='word_1_35' title='bbox 763 1034 824 1101; x_wconf 82' lang='lat' dir='ltr'>luit</span> <span class='ocrx_word' id='word_1_36' title='bbox 846 1034 927 1101; x_wconf 85' lang='lat' dir='ltr'>lucta</span> <span class='ocrx_word' id='word_1_37' title='bbox 950 1036 1067 1101; x_wconf 88' lang='lat' dir='ltr'>mentio</span> <span class='ocrx_word' id='word_1_38' title='bbox 1090 1036 1129 1101; x_wconf 87' lang='lat' dir='ltr'>de</span> <span class='ocrx_word' id='word_1_39' title='bbox 1151 1043 1358 1119; x_wconf 77' lang='lat' dir='ltr'>procuratore</span> <span class='ocrx_word' id='word_1_40' title='bbox 1388 1039 1516 1104; x_wconf 89' lang='lat' dir='ltr'>domino</span> <span class='ocrx_word' id='word_1_41' title='bbox 1545 1038 1583 1101; x_wconf 88' lang='lat' dir='ltr'>li-</span> 
     </span>
     <span class='ocr_line' id='line_1_7' title="bbox 214 1140 1583 1227; baseline -0.001 -20"><span class='ocrx_word' id='word_1_42' title='bbox 214 1140 256 1208; x_wconf 92' lang='lat' dir='ltr'>tis</span> <span class='ocrx_word' id='word_1_43' title='bbox 277 1144 403 1224; x_wconf 77' lang='lat' dir='ltr'>edocto,</span> <span class='ocrx_word' id='word_1_44' title='bbox 423 1149 456 1209; x_wconf 89' lang='lat' dir='ltr'>et</span> <span class='ocrx_word' id='word_1_45' title='bbox 479 1143 557 1208; x_wconf 85' lang='lat' dir='ltr'>inira</span> <span class='ocrx_word' id='word_1_46' title='bbox 580 1144 742 1227; x_wconf 86' lang='lat' dir='ltr'>continget</span> <span class='ocrx_word' id='word_1_47' title='bbox 763 1141 802 1207; x_wconf 89' lang='lat' dir='ltr'>da</span> <span class='ocrx_word' id='word_1_48' title='bbox 823 1160 862 1208; x_wconf 90' lang='lat' dir='ltr'>eo</span> <span class='ocrx_word' id='word_1_49' title='bbox 883 1161 996 1208; x_wconf 85' lang='lat' dir='ltr'>rursus</span> <span class='ocrx_word' id='word_1_50' title='bbox 1017 1145 1208 1209; x_wconf 82' lang='lat' dir='ltr'>mentionem</span> <span class='ocrx_word' id='word_1_51' title='bbox 1231 1145 1318 1224; x_wconf 85' lang='lat' dir='ltr'>fieri,</span> <span class='ocrx_word' id='word_1_52' title='bbox 1336 1162 1375 1209; x_wconf 88' lang='lat' dir='ltr'>ne</span> <span class='ocrx_word' id='word_1_53' title='bbox 1389 1146 1422 1210; x_wconf 90' lang='lat' dir='ltr'>in</span> <span class='ocrx_word' id='word_1_54' title='bbox 1443 1142 1583 1210; x_wconf 81' lang='lat' dir='ltr'>obscuris</span> 
     </span>
     <span class='ocr_line' id='line_1_8' title="bbox 212 1249 1581 1336; baseline 0.002 -23"><span class='ocrx_word' id='word_1_55' title='bbox 212 1250 410 1316; x_wconf 80' lang='lat' dir='ltr'>ambulemus</span> <span class='ocrx_word' id='word_1_56' title='bbox 430 1256 538 1316; x_wconf 88' lang='lat' dir='ltr'>contra</span> <span class='ocrx_word' id='word_1_57' title='bbox 560 1255 764 1334; x_wconf 87' lang='lat' dir='ltr'>praeceptum</span> <span class='ocrx_word' id='word_1_58' title='bbox 795 1250 930 1317; x_wconf 72' lang='lat' dir='ltr'>Ancora·</span> <span class='ocrx_word' id='word_1_59' title='bbox 962 1249 1035 1317; x_wconf 81' lang='lat' dir='ltr'>Caii</span> <span class='ocrx_word' id='word_1_60' title='bbox 1057 1254 1092 1317; x_wconf 82' lang='lat' dir='ltr'>io</span> <span class='ocrx_word' id='word_1_61' title='bbox 1117 1253 1152 1318; x_wconf 86' lang='lat' dir='ltr'>L.</span> <span class='ocrx_word' id='word_1_62' title='bbox 1175 1251 1192 1316; x_wconf 89' lang='grc'><strong>1</strong></span> <span class='ocrx_word' id='word_1_63' title='bbox 1213 1254 1298 1336; x_wconf 72' lang='lat' dir='ltr'>ffdc</span> <span class='ocrx_word' id='word_1_64' title='bbox 1319 1257 1396 1335; x_wconf 78' lang='lat' dir='ltr'>orig.</span> <span class='ocrx_word' id='word_1_65' title='bbox 1413 1254 1500 1335; x_wconf 73' lang='lat' dir='ltr'>iun,</span> <span class='ocrx_word' id='word_1_66' title='bbox 1530 1251 1581 1317; x_wconf 89' lang='lat' dir='ltr'>lric</span> 
     </span>
     <span class='ocr_line' id='line_1_9' title="bbox 211 1359 1581 1443; baseline 0.003 -22"><span class='ocrx_word' id='word_1_67' title='bbox 211 1359 452 1440; x_wconf 75' lang='lat' dir='ltr'><strong>explicabimus,</strong></span> <span class='ocrx_word' id='word_1_68' title='bbox 474 1359 599 1441; x_wconf 82' lang='lat' dir='ltr'>quando</span> <span class='ocrx_word' id='word_1_69' title='bbox 622 1363 811 1442; x_wconf 88' lang='lat' dir='ltr'>procurator</span> <span class='ocrx_word' id='word_1_70' title='bbox 833 1359 959 1424; x_wconf 89' lang='lat' dir='ltr'>dicatur</span> <span class='ocrx_word' id='word_1_71' title='bbox 980 1360 1060 1424; x_wconf 86' lang='lat' dir='ltr'>adici</span> <span class='ocrx_word' id='word_1_72' title='bbox 1083 1361 1229 1426; x_wconf 85' lang='lat' dir='ltr'>dominus</span> <span class='ocrx_word' id='word_1_73' title='bbox 1249 1360 1329 1436; x_wconf 85' lang='lat' dir='ltr'>litis,</span> <span class='ocrx_word' id='word_1_74' title='bbox 1351 1365 1385 1426; x_wconf 90' lang='lat' dir='ltr'>et</span> <span class='ocrx_word' id='word_1_75' title='bbox 1407 1377 1502 1443; x_wconf 87' lang='lat' dir='ltr'>quarn</span> <span class='ocrx_word' id='word_1_76' title='bbox 1525 1377 1581 1442; x_wconf 71' lang='lat' dir='ltr'>po</span> 
     </span>
     <span class='ocr_line' id='line_1_10' title="bbox 211 1466 1054 1549; baseline 0.004 -20"><span class='ocrx_word' id='word_1_77' title='bbox 211 1469 356 1530; x_wconf 86' lang='lat' dir='ltr'>testatem</span> <span class='ocrx_word' id='word_1_78' title='bbox 379 1481 436 1549; x_wconf 88' lang='lat' dir='ltr'>per</span> <span class='ocrx_word' id='word_1_79' title='bbox 458 1466 522 1533; x_wconf 86' lang='lat' dir='ltr'>litis</span> <span class='ocrx_word' id='word_1_80' title='bbox 552 1466 811 1532; x_wconf 84' lang='lat' dir='ltr'>contestationem</span> <span class='ocrx_word' id='word_1_81' title='bbox 834 1471 1054 1547; x_wconf 85' lang='lat' dir='ltr'>consequatur.</span> 
     </span>
    </p>

    <p class='ocr_par' dir='ltr' id='par_1_4' title="bbox 203 1568 1579 2072">
     <span class='ocr_line' id='line_1_11' title="bbox 251 1568 1579 1658; baseline -0.001 -22"><span class='ocrx_word' id='word_1_82' title='bbox 251 1612 254 1618; x_wconf 70' lang='lat'>,</span> <span class='ocrx_word' id='word_1_83' title='bbox 298 1573 326 1637; x_wconf 87' lang='lat'>1.</span> <span class='ocrx_word' id='word_1_84' title='bbox 348 1574 438 1640; x_wconf 86' lang='lat' dir='ltr'>Circa</span> <span class='ocrx_word' id='word_1_85' title='bbox 470 1576 612 1658; x_wconf 88' lang='lat' dir='ltr'>primum</span> <span class='ocrx_word' id='word_1_86' title='bbox 643 1573 856 1638; x_wconf 89' lang='lat' dir='ltr'>adnotandum</span> <span class='ocrx_word' id='word_1_87' title='bbox 888 1575 1057 1656; x_wconf 84' lang='lat' dir='ltr'>praecipue</span> <span class='ocrx_word' id='word_1_88' title='bbox 1086 1579 1152 1650; x_wconf 86' lang='lat' dir='ltr'>est,</span> <span class='ocrx_word' id='word_1_89' title='bbox 1183 1576 1268 1656; x_wconf 85' lang='lat' dir='ltr'>quod</span> <span class='ocrx_word' id='word_1_90' title='bbox 1290 1576 1363 1640; x_wconf 88' lang='lat' dir='ltr'>licet</span> <span class='ocrx_word' id='word_1_91' title='bbox 1384 1568 1402 1639; x_wconf 91' lang='lat' dir='ltr'>a</span> <span class='ocrx_word' id='word_1_92' title='bbox 1425 1575 1579 1658; x_wconf 83' lang='lat' dir='ltr'>plerisque</span> 
     </span>
     <span class='ocr_line' id='line_1_12' title="bbox 208 1679 1579 1765; baseline -0.005 -17"><span class='ocrx_word' id='word_1_93' title='bbox 208 1681 334 1748; x_wconf 86' lang='lat' dir='ltr'>dicatur</span> <span class='ocrx_word' id='word_1_94' title='bbox 349 1687 589 1765; x_wconf 87' lang='lat' dir='ltr'>procuratorem</span> <span class='ocrx_word' id='word_1_95' title='bbox 604 1681 685 1746; x_wconf 85' lang='lat' dir='ltr'>effici</span> <span class='ocrx_word' id='word_1_96' title='bbox 700 1680 862 1746; x_wconf 90' lang='lat' dir='ltr'>dominum</span> <span class='ocrx_word' id='word_1_97' title='bbox 878 1680 951 1756; x_wconf 86' lang='lat' dir='ltr'>litis,</span> <span class='ocrx_word' id='word_1_98' title='bbox 967 1681 1041 1761; x_wconf 86' lang='lat' dir='ltr'>quia</span> <span class='ocrx_word' id='word_1_99' title='bbox 1056 1685 1162 1746; x_wconf 73' lang='lat' dir='ltr'>maren</span> <span class='ocrx_word' id='word_1_100' title='bbox 1184 1700 1245 1747; x_wconf 93' lang='lat' dir='ltr'>non</span> <span class='ocrx_word' id='word_1_101' title='bbox 1268 1682 1396 1764; x_wconf 90' lang='lat' dir='ltr'>proprio</span> <span class='ocrx_word' id='word_1_102' title='bbox 1411 1679 1465 1745; x_wconf 84' lang='lat' dir='ltr'>scd</span> <span class='ocrx_word' id='word_1_103' title='bbox 1479 1679 1579 1743; x_wconf 90' lang='lat' dir='ltr'>alieno</span> 
     </span>
     <span class='ocr_line' id='line_1_13' title="bbox 206 1789 1578 1874; baseline -0.001 -21"><span class='ocrx_word' id='word_1_104' title='bbox 206 1790 332 1855; x_wconf 89' lang='lat' dir='ltr'>nomine</span> <span class='ocrx_word' id='word_1_105' title='bbox 354 1790 540 1868; x_wconf 71' lang='lat' dir='ltr'>intercedit,</span> <span class='ocrx_word' id='word_1_106' title='bbox 562 1807 623 1854; x_wconf 92' lang='lat' dir='ltr'>uon</span> <span class='ocrx_word' id='word_1_107' title='bbox 645 1806 718 1855; x_wconf 83' lang='lat' dir='ltr'>vere</span> <span class='ocrx_word' id='word_1_108' title='bbox 738 1794 772 1855; x_wconf 91' lang='lat' dir='ltr'>et</span> <span class='ocrx_word' id='word_1_109' title='bbox 792 1790 920 1872; x_wconf 89' lang='lat' dir='ltr'>pmprie</span> <span class='ocrx_word' id='word_1_110' title='bbox 942 1790 1005 1855; x_wconf 90' lang='lat' dir='ltr'>dici</span> <span class='ocrx_word' id='word_1_111' title='bbox 1028 1795 1131 1874; x_wconf 86' lang='lat' dir='ltr'>potest</span> <span class='ocrx_word' id='word_1_112' title='bbox 1160 1791 1306 1857; x_wconf 92' lang='lat' dir='ltr'>dominus</span> <span class='ocrx_word' id='word_1_113' title='bbox 1337 1791 1419 1863; x_wconf 85' lang='lat' dir='ltr'>litis,</span> <span class='ocrx_word' id='word_1_114' title='bbox 1442 1789 1495 1853; x_wconf 88' lang='lat' dir='ltr'>sed</span> <span class='ocrx_word' id='word_1_115' title='bbox 1517 1789 1578 1853; x_wconf 92' lang='lat' dir='ltr'>im·</span> 
     </span>
     <span class='ocr_line' id='line_1_14' title="bbox 203 1898 1577 1980; baseline 0.001 -20"><span class='ocrx_word' id='word_1_116' title='bbox 203 1898 352 1979; x_wconf 88' lang='lat' dir='ltr'>proprie;</span> <span class='ocrx_word' id='word_1_117' title='bbox 374 1903 407 1964; x_wconf 85' lang='lat' dir='ltr'>et</span> <span class='ocrx_word' id='word_1_118' title='bbox 428 1899 533 1980; x_wconf 84' lang='lat' dir='ltr'>aptius</span> <span class='ocrx_word' id='word_1_119' title='bbox 554 1898 617 1963; x_wconf 92' lang='lat' dir='ltr'>dici</span> <span class='ocrx_word' id='word_1_120' title='bbox 639 1898 766 1964; x_wconf 78' lang='lat' dir='ltr'>deberet</span> <span class='ocrx_word' id='word_1_121' title='bbox 788 1899 876 1980; x_wconf 86' lang='lat' dir='ltr'>quasi</span> <span class='ocrx_word' id='word_1_122' title='bbox 900 1899 1056 1980; x_wconf 86' lang='lat' dir='ltr'>dominus,</span> <span class='ocrx_word' id='word_1_123' title='bbox 1076 1904 1115 1965; x_wconf 88' lang='lat' dir='ltr'>ut</span> <span class='ocrx_word' id='word_1_124' title='bbox 1135 1901 1357 1966; x_wconf 86' lang='lat' dir='ltr'>animadvertit</span> <span class='ocrx_word' id='word_1_125' title='bbox 1384 1900 1470 1963; x_wconf 89' lang='lat' dir='ltr'>Port.</span> <span class='ocrx_word' id='word_1_126' title='bbox 1486 1898 1577 1962; x_wconf 85' lang='lat' dir='ltr'>lmot</span> 
     </span>
     <span class='ocr_line' id='line_1_15' title="bbox 203 2003 464 2072; baseline 0.015 -4"><span class='ocrx_word' id='word_1_127' title='bbox 203 2022 290 2071; x_wconf 81' lang='lat' dir='ltr'>cons.</span> <span class='ocrx_word' id='word_1_128' title='bbox 313 2003 336 2069; x_wconf 82' lang='lat'><strong>3</strong></span> <span class='ocrx_word' id='word_1_129' title='bbox 357 2025 389 2070; x_wconf 85' lang='lat' dir='ltr'>rs.</span> <span class='ocrx_word' id='word_1_130' title='bbox 413 2004 464 2072; x_wconf 78' lang='lat'>33.</span> 
     </span>
    </p>

    <p class='ocr_par' dir='ltr' id='par_1_5' title="bbox 199 2099 1672 2519">
     <span class='ocr_line' id='line_1_16' title="bbox 295 2099 1672 2201; baseline -0.001 -24"><span class='ocrx_word' id='word_1_131' title='bbox 295 2113 339 2178; x_wconf 83' lang='lat' dir='ltr'>Et</span> <span class='ocrx_word' id='word_1_132' title='bbox 361 2130 434 2178; x_wconf 90' lang='lat' dir='ltr'>cum</span> <span class='ocrx_word' id='word_1_133' title='bbox 456 2119 644 2196; x_wconf 89' lang='lat' dir='ltr'>procurator</span> <span class='ocrx_word' id='word_1_134' title='bbox 666 2134 729 2179; x_wconf 93' lang='lat' dir='ltr'>uon</span> <span class='ocrx_word' id='word_1_135' title='bbox 750 2132 872 2198; x_wconf 88' lang='lat' dir='ltr'>semper</span> <span class='ocrx_word' id='word_1_136' title='bbox 893 2117 1003 2181; x_wconf 90' lang='lat' dir='ltr'>eodem</span> <span class='ocrx_word' id='word_1_137' title='bbox 1019 2122 1172 2200; x_wconf 87' lang='lat' dir='ltr'>tempore,</span> <span class='ocrx_word' id='word_1_138' title='bbox 1188 2121 1221 2182; x_wconf 87' lang='lat' dir='ltr'>et</span> <span class='ocrx_word' id='word_1_139' title='bbox 1235 2134 1292 2201; x_wconf 87' lang='lat' dir='ltr'>per</span> <span class='ocrx_word' id='word_1_140' title='bbox 1305 2118 1452 2182; x_wconf 87' lang='lat' dir='ltr'>eumdem</span> <span class='ocrx_word' id='word_1_141' title='bbox 1467 2117 1575 2178; x_wconf 89' lang='lat' dir='ltr'>actum</span> <span class='ocrx_word' id='word_1_142' title='bbox 1669 2099 1672 2106; x_wconf 69' lang='grc'>’</span> 
     </span>
     <span class='ocr_line' id='line_1_17' title="bbox 199 2217 1575 2307; baseline 0.003 -25"><span class='ocrx_word' id='word_1_143' title='bbox 199 2217 270 2284; x_wconf 88' lang='lat' dir='ltr'>litis</span> <span class='ocrx_word' id='word_1_144' title='bbox 291 2218 476 2297; x_wconf 88' lang='lat' dir='ltr'>dominium,</span> <span class='ocrx_word' id='word_1_145' title='bbox 502 2223 547 2287; x_wconf 85' lang='lat' dir='ltr'>vel</span> <span class='ocrx_word' id='word_1_146' title='bbox 570 2224 668 2304; x_wconf 89' lang='lat' dir='ltr'>quasi,</span> <span class='ocrx_word' id='word_1_147' title='bbox 683 2223 889 2301; x_wconf 76' lang='lat' dir='ltr'>nanciscetur,</span> <span class='ocrx_word' id='word_1_148' title='bbox 911 2243 970 2307; x_wconf 93' lang='lat' dir='ltr'>pro</span> <span class='ocrx_word' id='word_1_149' title='bbox 990 2226 1121 2291; x_wconf 76' lang='lat' dir='ltr'>faciliori</span> <span class='ocrx_word' id='word_1_150' title='bbox 1143 2228 1353 2291; x_wconf 87' lang='lat' dir='ltr'>terminorum</span> <span class='ocrx_word' id='word_1_151' title='bbox 1367 2224 1575 2291; x_wconf 83' lang='lat' dir='ltr'>declaratione</span> 
     </span>
     <span class='ocr_line' id='line_1_18' title="bbox 201 2329 1574 2418; baseline 0.002 -26"><span class='ocrx_word' id='word_1_152' title='bbox 201 2329 234 2392; x_wconf 92' lang='lat' dir='ltr'>in</span> <span class='ocrx_word' id='word_1_153' title='bbox 259 2329 420 2411; x_wconf 88' lang='lat' dir='ltr'>proposito</span> <span class='ocrx_word' id='word_1_154' title='bbox 443 2338 683 2413; x_wconf 88' lang='lat' dir='ltr'>procuratorem</span> <span class='ocrx_word' id='word_1_155' title='bbox 706 2332 832 2412; x_wconf 89' lang='lat' dir='ltr'>actoris,</span> <span class='ocrx_word' id='word_1_156' title='bbox 853 2350 870 2396; x_wconf 93' lang='lat' dir='ltr'>a</span> <span class='ocrx_word' id='word_1_157' title='bbox 892 2337 1099 2415; x_wconf 78' lang='lat' dir='ltr'>procuratore</span> <span class='ocrx_word' id='word_1_158' title='bbox 1122 2334 1168 2398; x_wconf 90' lang='lat' dir='ltr'>rei</span> <span class='ocrx_word' id='word_1_159' title='bbox 1191 2333 1449 2418; x_wconf 88' lang='lat' dir='ltr'>distinguendum</span> <span class='ocrx_word' id='word_1_160' title='bbox 1471 2335 1504 2395; x_wconf 90' lang='lat' dir='ltr'>et</span> <span class='ocrx_word' id='word_1_161' title='bbox 1525 2346 1574 2395; x_wconf 87' lang='lat' dir='ltr'>se·</span> 
     </span>
     <span class='ocr_line' id='line_1_19' title="bbox 201 2435 607 2519; baseline 0.01 -19"><span class='ocrx_word' id='word_1_162' title='bbox 201 2435 379 2519; x_wconf 89' lang='lat' dir='ltr'>parandum</span> <span class='ocrx_word' id='word_1_163' title='bbox 403 2440 607 2504; x_wconf 88' lang='lat' dir='ltr'>esse-censui.</span> 
     </span>
    </p>

    <p class='ocr_par' dir='ltr' id='par_1_6' title="bbox 198 2543 1572 3062">
     <span class='ocr_line' id='line_1_20' title="bbox 293 2543 1570 2628; baseline 0 -19"><span class='ocrx_word' id='word_1_164' title='bbox 293 2543 323 2609; x_wconf 89' lang='grc'>2</span> <span class='ocrx_word' id='word_1_165' title='bbox 345 2547 538 2612; x_wconf 85' lang='lat' dir='ltr'>Procurator</span> <span class='ocrx_word' id='word_1_166' title='bbox 553 2549 661 2628; x_wconf 84' lang='lat' dir='ltr'>itaque</span> <span class='ocrx_word' id='word_1_167' title='bbox 678 2549 794 2614; x_wconf 88' lang='lat' dir='ltr'>actoris</span> <span class='ocrx_word' id='word_1_168' title='bbox 808 2548 926 2614; x_wconf 87' lang='lat' dir='ltr'>dicitur</span> <span class='ocrx_word' id='word_1_169' title='bbox 940 2552 1020 2615; x_wconf 87' lang='lat' dir='ltr'>edici</span> <span class='ocrx_word' id='word_1_170' title='bbox 1035 2551 1180 2617; x_wconf 88' lang='lat' dir='ltr'>dominus</span> <span class='ocrx_word' id='word_1_171' title='bbox 1194 2548 1267 2628; x_wconf 88' lang='lat' dir='ltr'>litis,</span> <span class='ocrx_word' id='word_1_172' title='bbox 1282 2548 1329 2612; x_wconf 87' lang='lat' dir='ltr'>vel</span> <span class='ocrx_word' id='word_1_173' title='bbox 1343 2547 1468 2628; x_wconf 87' lang='lat' dir='ltr'>quaudo</span> <span class='ocrx_word' id='word_1_174' title='bbox 1483 2546 1570 2610; x_wconf 86' lang='lat' dir='ltr'>litem</span> 
     </span>
     <span class='ocr_line' id='line_1_21' title="bbox 201 2652 1572 2741; baseline 0.001 -26"><span class='ocrx_word' id='word_1_175' title='bbox 201 2655 415 2733; x_wconf 86' lang='lat' dir='ltr'>contestatur,</span> <span class='ocrx_word' id='word_1_176' title='bbox 435 2652 469 2718; x_wconf 84' lang='lat' dir='ltr'>L.</span> <span class='ocrx_word' id='word_1_177' title='bbox 492 2672 591 2738; x_wconf 82' lang='lat' dir='ltr'>neque</span> <span class='ocrx_word' id='word_1_178' title='bbox 612 2663 729 2720; x_wconf 80' lang='lat' dir='ltr'>tutores</span> <span class='ocrx_word' id='word_1_179' title='bbox 750 2657 814 2719; x_wconf 80' lang='lat' dir='ltr'>cod</span> <span class='ocrx_word' id='word_1_180' title='bbox 837 2657 874 2720; x_wconf 82' lang='lat' dir='ltr'>dr</span> <span class='ocrx_word' id='word_1_181' title='bbox 895 2668 1076 2739; x_wconf 79' lang='lat' dir='ltr'>procuret,</span> <span class='ocrx_word' id='word_1_182' title='bbox 1091 2659 1126 2723; x_wconf 84' lang='lat' dir='ltr'>L.</span> <span class='ocrx_word' id='word_1_183' title='bbox 1140 2667 1382 2741; x_wconf 80' lang='lat' dir='ltr'>procuratorem</span> <span class='ocrx_word' id='word_1_184' title='bbox 1405 2652 1428 2740; x_wconf 72' lang='lat' dir='ltr'>S</span> <span class='ocrx_word' id='word_1_185' title='bbox 1450 2657 1478 2718; x_wconf 83' lang='lat' dir='ltr'>cs&#39;</span> <span class='ocrx_word' id='word_1_186' title='bbox 1500 2656 1572 2736; x_wconf 78' lang='lat' dir='ltr'>quis</span> 
     </span>
     <span class='ocr_line' id='line_1_22' title="bbox 200 2756 1570 2848; baseline -0.001 -25"><span class='ocrx_word' id='word_1_187' title='bbox 200 2762 412 2840; x_wconf 80' lang='lat' dir='ltr'>mundaverit,</span> <span class='ocrx_word' id='word_1_188' title='bbox 432 2765 465 2827; x_wconf 89' lang='lat' dir='ltr'>et</span> <span class='ocrx_word' id='word_1_189' title='bbox 487 2763 528 2829; x_wconf 78' lang='lat' dir='ltr'>ilai</span> <span class='ocrx_word' id='word_1_190' title='bbox 553 2762 645 2829; x_wconf 89' lang='lat' dir='ltr'>Burt.</span> <span class='ocrx_word' id='word_1_191' title='bbox 668 2783 699 2829; x_wconf 83' lang='lat' dir='ltr'>o.</span> <span class='ocrx_word' id='word_1_192' title='bbox 723 2761 744 2825; x_wconf 78' lang='lat' dir='ltr'>d</span> <span class='ocrx_word' id='word_1_193' title='bbox 764 2763 794 2848; x_wconf 68' lang='lat' dir='ltr'><strong><em>ff</em></strong></span> <span class='ocrx_word' id='word_1_194' title='bbox 811 2766 971 2844; x_wconf 82' lang='lat' dir='ltr'>mandat,</span> <span class='ocrx_word' id='word_1_195' title='bbox 995 2767 1149 2832; x_wconf 82' lang='lat' dir='ltr'>llimiool.</span> <span class='ocrx_word' id='word_1_196' title='bbox 1175 2766 1249 2846; x_wconf 85' lang='lat' dir='ltr'>juo.</span> <span class='ocrx_word' id='word_1_197' title='bbox 1280 2782 1362 2829; x_wconf 80' lang='lat' dir='ltr'>coos.</span> <span class='ocrx_word' id='word_1_198' title='bbox 1384 2759 1450 2826; x_wconf 80' lang='grc'>203</span> <span class='ocrx_word' id='word_1_199' title='bbox 1472 2779 1504 2823; x_wconf 85' lang='lat' dir='ltr'>o.</span> <span class='ocrx_word' id='word_1_200' title='bbox 1527 2756 1570 2821; x_wconf 87' lang='grc'>28</span> 
     </span>
     <span class='ocr_line' id='line_1_23' title="bbox 201 2866 1570 2955; baseline -0.001 -22"><span class='ocrx_word' id='word_1_201' title='bbox 201 2869 248 2934; x_wconf 86' lang='lat' dir='ltr'>iil.</span> <span class='ocrx_word' id='word_1_202' title='bbox 274 2868 306 2950; x_wconf 75' lang='grc'>2</span> <span class='ocrx_word' id='word_1_203' title='bbox 332 2871 580 2955; x_wconf 68' lang='lat' dir='ltr'>Perpetem.</span> <span class='ocrx_word' id='word_1_204' title='bbox 605 2870 668 2936; x_wconf 87' lang='grc'>127</span> <span class='ocrx_word' id='word_1_205' title='bbox 691 2892 724 2939; x_wconf 86' lang='lat' dir='ltr'>n.</span> <span class='ocrx_word' id='word_1_206' title='bbox 745 2871 767 2939; x_wconf 84' lang='grc'>9</span> <span class='ocrx_word' id='word_1_207' title='bbox 789 2873 838 2939; x_wconf 81' lang='lat' dir='ltr'>tto.</span> <span class='ocrx_word' id='word_1_208' title='bbox 855 2873 887 2953; x_wconf 85' lang='grc'>1,</span> <span class='ocrx_word' id='word_1_209' title='bbox 899 2874 1031 2942; x_wconf 81' lang='lat' dir='ltr'>Buraot.</span> <span class='ocrx_word' id='word_1_210' title='bbox 1052 2894 1135 2941; x_wconf 80' lang='lat' dir='ltr'>coos.</span> <span class='ocrx_word' id='word_1_211' title='bbox 1158 2871 1225 2939; x_wconf 77' lang='lat' dir='ltr'>le</span> <span class='ocrx_word' id='word_1_212' title='bbox 1247 2893 1279 2938; x_wconf 74' lang='lat' dir='ltr'>rt</span> <span class='ocrx_word' id='word_1_213' title='bbox 1304 2870 1322 2936; x_wconf 92' lang='lat'>1</span> <span class='ocrx_word' id='word_1_214' title='bbox 1345 2871 1395 2937; x_wconf 84' lang='lat' dir='ltr'>lid.</span> <span class='ocrx_word' id='word_1_215' title='bbox 1416 2866 1448 2948; x_wconf 77' lang='lat' dir='ltr'>lt,</span> <span class='ocrx_word' id='word_1_216' title='bbox 1473 2867 1570 2935; x_wconf 82' lang='lat' dir='ltr'>Surd.</span> 
     </span>
     <span class='ocr_line' id='line_1_24' title="bbox 198 2978 1125 3062; baseline 0.002 -15"><span class='ocrx_word' id='word_1_217' title='bbox 198 2983 290 3047; x_wconf 81' lang='lat' dir='ltr'>decis.</span> <span class='ocrx_word' id='word_1_218' title='bbox 312 2978 357 3046; x_wconf 82' lang='lat'>89</span> <span class='ocrx_word' id='word_1_219' title='bbox 378 3001 410 3047; x_wconf 80' lang='lat' dir='ltr'>rt.</span> <span class='ocrx_word' id='word_1_220' title='bbox 434 2981 485 3062; x_wconf 88' lang='lat'>17,</span> <span class='ocrx_word' id='word_1_221' title='bbox 508 2982 578 3048; x_wconf 84' lang='lat' dir='ltr'>liot.</span> <span class='ocrx_word' id='word_1_222' title='bbox 600 3001 662 3049; x_wconf 87' lang='lat' dir='ltr'>cor.</span> <span class='ocrx_word' id='word_1_223' title='bbox 685 2983 818 3049; x_wconf 79' lang='lat' dir='ltr'>Montio.</span> <span class='ocrx_word' id='word_1_224' title='bbox 839 2985 929 3050; x_wconf 80' lang='lat' dir='ltr'>decis.</span> <span class='ocrx_word' id='word_1_225' title='bbox 951 2981 1018 3048; x_wconf 77' lang='lat' dir='ltr'>eol</span> <span class='ocrx_word' id='word_1_226' title='bbox 1039 3004 1072 3050; x_wconf 82' lang='lat' dir='ltr'>o.</span> <span class='ocrx_word' id='word_1_227' title='bbox 1097 2983 1125 3049; x_wconf 90' lang='lat'>1.</span> 
     </span>
    </p>

    <p class='ocr_par' dir='ltr' id='par_1_7' title="bbox 198 3087 1567 3282">
     <span class='ocr_line' id='line_1_25' title="bbox 291 3087 1567 3177; baseline 0.001 -27"><span class='ocrx_word' id='word_1_228' title='bbox 291 3111 309 3150; x_wconf 77' lang='lat' dir='ltr'>a</span> <span class='ocrx_word' id='word_1_229' title='bbox 333 3091 525 3156; x_wconf 89' lang='lat' dir='ltr'>Procurator</span> <span class='ocrx_word' id='word_1_230' title='bbox 547 3090 694 3157; x_wconf 90' lang='lat' dir='ltr'>dominus</span> <span class='ocrx_word' id='word_1_231' title='bbox 706 3091 771 3159; x_wconf 89' lang='lat' dir='ltr'>litis</span> <span class='ocrx_word' id='word_1_232' title='bbox 784 3094 920 3159; x_wconf 83' lang='lat' dir='ltr'>edicitur</span> <span class='ocrx_word' id='word_1_233' title='bbox 934 3110 991 3177; x_wconf 89' lang='lat' dir='ltr'>per</span> <span class='ocrx_word' id='word_1_234' title='bbox 1005 3095 1069 3161; x_wconf 85' lang='lat' dir='ltr'>litis</span> <span class='ocrx_word' id='word_1_235' title='bbox 1089 3092 1365 3169; x_wconf 80' lang='lat' dir='ltr'>contestationem,</span> <span class='ocrx_word' id='word_1_236' title='bbox 1389 3087 1567 3170; x_wconf 80' lang='lat' dir='ltr'>Ridolplsio.</span> 
     </span>
     <span class='ocr_line' id='line_1_26' title="bbox 198 3195 794 3282; baseline 0.008 -21"><span class='ocrx_word' id='word_1_237' title='bbox 198 3222 216 3260; x_wconf 70' lang='grc' dir='ltr'><strong><em>α</em></strong></span> <span class='ocrx_word' id='word_1_238' title='bbox 239 3201 280 3263; x_wconf 79' lang='lat' dir='ltr'>iro</span> <span class='ocrx_word' id='word_1_239' title='bbox 302 3215 396 3279; x_wconf 77' lang='lat' dir='ltr'>proc.</span> <span class='ocrx_word' id='word_1_240' title='bbox 417 3216 487 3282; x_wconf 85' lang='lat' dir='ltr'>por.</span> <span class='ocrx_word' id='word_1_241' title='bbox 511 3197 529 3262; x_wconf 93' lang='lat'>1</span> <span class='ocrx_word' id='word_1_242' title='bbox 552 3217 621 3280; x_wconf 85' lang='lat' dir='ltr'>cap.</span> <span class='ocrx_word' id='word_1_243' title='bbox 644 3196 665 3263; x_wconf 81' lang='lat'><strong>3</strong></span> <span class='ocrx_word' id='word_1_244' title='bbox 689 3219 720 3264; x_wconf 83' lang='lat' dir='ltr'>rs.</span> <span class='ocrx_word' id='word_1_245' title='bbox 741 3195 794 3267; x_wconf 75' lang='grc'>18.</span> 
     </span>
    </p>

    <p class='ocr_par' dir='ltr' id='par_1_8' title="bbox 200 3300 1567 3502">
     <span class='ocr_line' id='line_1_27' title="bbox 289 3300 1567 3393; baseline -0.003 -26"><span class='ocrx_word' id='word_1_246' title='bbox 289 3329 306 3367; x_wconf 83' lang='lat' dir='ltr'>u</span> <span class='ocrx_word' id='word_1_247' title='bbox 330 3308 524 3374; x_wconf 85' lang='lat' dir='ltr'>Procurator</span> <span class='ocrx_word' id='word_1_248' title='bbox 546 3326 608 3372; x_wconf 91' lang='lat' dir='ltr'>non</span> <span class='ocrx_word' id='word_1_249' title='bbox 630 3309 819 3393; x_wconf 77' lang='lat' dir='ltr'>intelligitur</span> <span class='ocrx_word' id='word_1_250' title='bbox 841 3309 943 3375; x_wconf 82' lang='lat' dir='ltr'>iactus</span> <span class='ocrx_word' id='word_1_251' title='bbox 965 3310 1111 3377; x_wconf 86' lang='lat' dir='ltr'>dominus</span> <span class='ocrx_word' id='word_1_252' title='bbox 1133 3309 1207 3385; x_wconf 86' lang='lat' dir='ltr'>litis,</span> <span class='ocrx_word' id='word_1_253' title='bbox 1228 3308 1288 3372; x_wconf 91' lang='lat' dir='ltr'>uisi</span> <span class='ocrx_word' id='word_1_254' title='bbox 1311 3323 1384 3370; x_wconf 91' lang='lat' dir='ltr'>cum</span> <span class='ocrx_word' id='word_1_255' title='bbox 1407 3322 1445 3371; x_wconf 89' lang='lat' dir='ltr'>eo</span> <span class='ocrx_word' id='word_1_256' title='bbox 1467 3302 1505 3367; x_wconf 92' lang='lat' dir='ltr'>lis</span> <span class='ocrx_word' id='word_1_257' title='bbox 1525 3300 1567 3365; x_wconf 87' lang='lat' dir='ltr'>sit</span> 
     </span>
     <span class='ocr_line' id='line_1_28' title="bbox 200 3416 1021 3502; baseline 0.007 -23"><span class='ocrx_word' id='word_1_258' title='bbox 200 3423 431 3497; x_wconf 72' lang='lat' dir='ltr'>«contestata,</span> <span class='ocrx_word' id='word_1_259' title='bbox 458 3420 599 3484; x_wconf 70' lang='lat' dir='ltr'>leonae</span> <span class='ocrx_word' id='word_1_260' title='bbox 621 3421 709 3484; x_wconf 82' lang='lat' dir='ltr'>decis.</span> <span class='ocrx_word' id='word_1_261' title='bbox 733 3416 777 3481; x_wconf 77' lang='lat'>52</span> <span class='ocrx_word' id='word_1_262' title='bbox 799 3439 831 3484; x_wconf 80' lang='lat' dir='ltr'>a.</span> <span class='ocrx_word' id='word_1_263' title='bbox 855 3417 872 3482; x_wconf 94' lang='lat'>1</span> <span class='ocrx_word' id='word_1_264' title='bbox 895 3438 968 3502; x_wconf 85' lang='lat' dir='ltr'>por.</span> <span class='ocrx_word' id='word_1_265' title='bbox 994 3418 1021 3485; x_wconf 86' lang='lat'>1.</span> 
     </span>
    </p>

    <p class='ocr_par' dir='ltr' id='par_1_9' title="bbox 197 3525 1564 3718">
     <span class='ocr_line' id='line_1_29' title="bbox 287 3525 1564 3610; baseline -0.005 -19"><span class='ocrx_word' id='word_1_266' title='bbox 287 3526 380 3607; x_wconf 83' lang='lat' dir='ltr'>Quod</span> <span class='ocrx_word' id='word_1_267' title='bbox 402 3531 506 3593; x_wconf 90' lang='lat' dir='ltr'>tumen</span> <span class='ocrx_word' id='word_1_268' title='bbox 529 3528 672 3609; x_wconf 84' lang='lat' dir='ltr'>procedit</span> <span class='ocrx_word' id='word_1_269' title='bbox 693 3528 725 3592; x_wconf 94' lang='lat' dir='ltr'>in</span> <span class='ocrx_word' id='word_1_270' title='bbox 746 3530 848 3595; x_wconf 86' lang='lat' dir='ltr'>causis</span> <span class='ocrx_word' id='word_1_271' title='bbox 869 3530 901 3592; x_wconf 92' lang='lat' dir='ltr'>in</span> <span class='ocrx_word' id='word_1_272' title='bbox 923 3529 1039 3610; x_wconf 86' lang='lat' dir='ltr'>quibus</span> <span class='ocrx_word' id='word_1_273' title='bbox 1060 3528 1126 3594; x_wconf 87' lang='lat' dir='ltr'>litis</span> <span class='ocrx_word' id='word_1_274' title='bbox 1147 3525 1333 3592; x_wconf 83' lang='lat' dir='ltr'>contestatio</span> <span class='ocrx_word' id='word_1_275' title='bbox 1354 3527 1403 3587; x_wconf 87' lang='lat' dir='ltr'>est</span> <span class='ocrx_word' id='word_1_276' title='bbox 1428 3535 1564 3585; x_wconf 81' lang='lat' dir='ltr'>necessu-</span> 
     </span>
     <span class='ocr_line' id='line_1_30' title="bbox 197 3634 901 3718; baseline 0.003 -20"><span class='ocrx_word' id='word_1_277' title='bbox 197 3635 257 3714; x_wconf 85' lang='lat' dir='ltr'>ria,</span> <span class='ocrx_word' id='word_1_278' title='bbox 285 3636 425 3700; x_wconf 75' lang='lat' dir='ltr'>lloomt.</span> <span class='ocrx_word' id='word_1_279' title='bbox 447 3635 476 3701; x_wconf 87' lang='lat' dir='ltr'>d.</span> <span class='ocrx_word' id='word_1_280' title='bbox 501 3634 591 3701; x_wconf 80' lang='lat' dir='ltr'>decis.</span> <span class='ocrx_word' id='word_1_281' title='bbox 614 3634 657 3700; x_wconf 77' lang='lat'>52</span> <span class='ocrx_word' id='word_1_282' title='bbox 679 3655 711 3700; x_wconf 79' lang='lat' dir='ltr'>a.</span> <span class='ocrx_word' id='word_1_283' title='bbox 732 3636 754 3699; x_wconf 89' lang='lat'><strong>7</strong></span> <span class='ocrx_word' id='word_1_284' title='bbox 773 3653 847 3718; x_wconf 88' lang='lat' dir='ltr'>por.</span> <span class='ocrx_word' id='word_1_285' title='bbox 872 3634 901 3701; x_wconf 92' lang='lat'>1.</span> 
     </span>
    </p>

    <p class='ocr_par' dir='ltr' id='par_1_10' title="bbox 196 3733 1563 4348">
     <span class='ocr_line' id='line_1_31' title="bbox 287 3733 1562 3828; baseline -0.009 -23"><span class='ocrx_word' id='word_1_286' title='bbox 287 3766 305 3805; x_wconf 76' lang='lat' dir='ltr'>r</span> <span class='ocrx_word' id='word_1_287' title='bbox 329 3745 365 3809; x_wconf 95' lang='lat' dir='ltr'>ln</span> <span class='ocrx_word' id='word_1_288' title='bbox 387 3744 454 3810; x_wconf 88' lang='lat' dir='ltr'>aliis</span> <span class='ocrx_word' id='word_1_289' title='bbox 475 3750 582 3810; x_wconf 90' lang='lat' dir='ltr'>autem</span> <span class='ocrx_word' id='word_1_290' title='bbox 601 3744 702 3809; x_wconf 87' lang='lat' dir='ltr'>causis</span> <span class='ocrx_word' id='word_1_291' title='bbox 717 3749 905 3827; x_wconf 91' lang='lat' dir='ltr'>procurator</span> <span class='ocrx_word' id='word_1_292' title='bbox 926 3744 1115 3828; x_wconf 75' lang='lat' dir='ltr'>intelligitur</span> <span class='ocrx_word' id='word_1_293' title='bbox 1137 3744 1238 3808; x_wconf 89' lang='lat' dir='ltr'>lactus</span> <span class='ocrx_word' id='word_1_294' title='bbox 1252 3738 1397 3805; x_wconf 87' lang='lat' dir='ltr'>dominus</span> <span class='ocrx_word' id='word_1_295' title='bbox 1410 3733 1475 3798; x_wconf 91' lang='lat' dir='ltr'>litis</span> <span class='ocrx_word' id='word_1_296' title='bbox 1489 3747 1562 3795; x_wconf 88' lang='lat' dir='ltr'>cum</span> 
     </span>
     <span class='ocr_line' id='line_1_32' title="bbox 196 3838 1563 3936; baseline -0.004 -23"><span class='ocrx_word' id='word_1_297' title='bbox 196 3874 213 3913; x_wconf 75' lang='lat' dir='ltr'>o</span> <span class='ocrx_word' id='word_1_298' title='bbox 238 3853 380 3936; x_wconf 92' lang='lat' dir='ltr'>primum</span> <span class='ocrx_word' id='word_1_299' title='bbox 402 3853 541 3936; x_wconf 86' lang='lat' dir='ltr'>coeperit</span> <span class='ocrx_word' id='word_1_300' title='bbox 562 3851 692 3917; x_wconf 88' lang='lat' dir='ltr'>tractari</span> <span class='ocrx_word' id='word_1_301' title='bbox 713 3852 752 3916; x_wconf 91' lang='lat' dir='ltr'>de</span> <span class='ocrx_word' id='word_1_302' title='bbox 775 3852 897 3917; x_wconf 87' lang='lat' dir='ltr'>meritis</span> <span class='ocrx_word' id='word_1_303' title='bbox 917 3869 1045 3933; x_wconf 83' lang='lat' dir='ltr'>causae,</span> <span class='ocrx_word' id='word_1_304' title='bbox 1065 3858 1098 3917; x_wconf 87' lang='lat' dir='ltr'>et</span> <span class='ocrx_word' id='word_1_305' title='bbox 1127 3851 1292 3935; x_wconf 79' lang='lat' dir='ltr'>negocium</span> <span class='ocrx_word' id='word_1_306' title='bbox 1323 3841 1492 3930; x_wconf 80' lang='lat' dir='ltr'>principale</span> <span class='ocrx_word' id='word_1_307' title='bbox 1514 3838 1563 3902; x_wconf 81' lang='lat' dir='ltr'>di·</span> 
     </span>
     <span class='ocr_line' id='line_1_33' title="bbox 196 3949 1561 4044; baseline -0.01 -20"><span class='ocrx_word' id='word_1_308' title='bbox 196 3980 214 4017; x_wconf 82' lang='lat'>«</span> <span class='ocrx_word' id='word_1_309' title='bbox 238 3960 394 4040; x_wconf 88' lang='lat' dir='ltr'>sentitur,</span> <span class='ocrx_word' id='word_1_310' title='bbox 410 3960 489 4038; x_wconf 72' lang='lat' dir='ltr'>loct</span> <span class='ocrx_word' id='word_1_311' title='bbox 504 3979 536 4024; x_wconf 77' lang='lat' dir='ltr'>rr.</span> <span class='ocrx_word' id='word_1_312' title='bbox 557 3957 597 4039; x_wconf 86' lang='lat'>8;</span> <span class='ocrx_word' id='word_1_313' title='bbox 611 3958 709 4043; x_wconf 88' lang='lat' dir='ltr'>Cujus</span> <span class='ocrx_word' id='word_1_314' title='bbox 731 3961 853 4044; x_wconf 88' lang='lat' dir='ltr'>generis</span> <span class='ocrx_word' id='word_1_315' title='bbox 875 3966 951 4027; x_wconf 85' lang='lat' dir='ltr'>suut</span> <span class='ocrx_word' id='word_1_316' title='bbox 971 3979 1082 4027; x_wconf 89' lang='lat' dir='ltr'>causae</span> <span class='ocrx_word' id='word_1_317' title='bbox 1103 3960 1286 4026; x_wconf 78' lang='lat' dir='ltr'>executivae</span> <span class='ocrx_word' id='word_1_318' title='bbox 1308 3961 1341 4020; x_wconf 91' lang='lat' dir='ltr'>et</span> <span class='ocrx_word' id='word_1_319' title='bbox 1362 3949 1561 4024; x_wconf 79' lang='lat' dir='ltr'>nummariae,</span> 
     </span>
     <span class='ocr_line' id='line_1_34' title="bbox 196 4055 1560 4152; baseline -0.007 -25"><span class='ocrx_word' id='word_1_320' title='bbox 196 4088 212 4126; x_wconf 77' lang='lat' dir='ltr'>a</span> <span class='ocrx_word' id='word_1_321' title='bbox 236 4065 269 4129; x_wconf 93' lang='lat' dir='ltr'>in</span> <span class='ocrx_word' id='word_1_322' title='bbox 292 4068 406 4147; x_wconf 82' lang='lat' dir='ltr'>quibus</span> <span class='ocrx_word' id='word_1_323' title='bbox 427 4086 489 4132; x_wconf 91' lang='lat' dir='ltr'>non</span> <span class='ocrx_word' id='word_1_324' title='bbox 512 4058 690 4149; x_wconf 72' lang='lat' dir='ltr'>requiritur</span> <span class='ocrx_word' id='word_1_325' title='bbox 712 4068 775 4134; x_wconf 85' lang='lat' dir='ltr'>litis</span> <span class='ocrx_word' id='word_1_326' title='bbox 796 4071 992 4149; x_wconf 81' lang='lat' dir='ltr'>contestatio,</span> <span class='ocrx_word' id='word_1_327' title='bbox 1006 4070 1059 4136; x_wconf 86' lang='lat' dir='ltr'>aed</span> <span class='ocrx_word' id='word_1_328' title='bbox 1075 4070 1198 4152; x_wconf 87' lang='lat' dir='ltr'>primns</span> <span class='ocrx_word' id='word_1_329' title='bbox 1218 4071 1307 4132; x_wconf 88' lang='lat' dir='ltr'>actus</span> <span class='ocrx_word' id='word_1_330' title='bbox 1329 4062 1386 4144; x_wconf 85' lang='lat' dir='ltr'>qui</span> <span class='ocrx_word' id='word_1_331' title='bbox 1399 4060 1478 4126; x_wconf 84' lang='lat' dir='ltr'>solet</span> <span class='ocrx_word' id='word_1_332' title='bbox 1493 4055 1560 4121; x_wconf 86' lang='lat' dir='ltr'>fieri</span> 
     </span>
     <span class='ocr_line' id='line_1_35' title="bbox 196 4167 1559 4261; baseline -0.005 -22"><span class='ocrx_word' id='word_1_333' title='bbox 196 4192 213 4230; x_wconf 71' lang='lat' dir='ltr'>a</span> <span class='ocrx_word' id='word_1_334' title='bbox 237 4178 309 4255; x_wconf 86' lang='lat' dir='ltr'>post</span> <span class='ocrx_word' id='word_1_335' title='bbox 330 4174 418 4240; x_wconf 86' lang='lat' dir='ltr'>litem</span> <span class='ocrx_word' id='word_1_336' title='bbox 441 4179 646 4241; x_wconf 88' lang='lat' dir='ltr'>contestatam</span> <span class='ocrx_word' id='word_1_337' title='bbox 660 4174 848 4261; x_wconf 72' lang='lat' dir='ltr'>aeguipollet</span> <span class='ocrx_word' id='word_1_338' title='bbox 862 4178 925 4244; x_wconf 92' lang='lat' dir='ltr'>litis</span> <span class='ocrx_word' id='word_1_339' title='bbox 939 4178 1177 4255; x_wconf 79' lang='lat' dir='ltr'>contestationi,</span> <span class='ocrx_word' id='word_1_340' title='bbox 1191 4177 1274 4240; x_wconf 79' lang='lat' dir='ltr'>idem</span> <span class='ocrx_word' id='word_1_341' title='bbox 1294 4174 1434 4237; x_wconf 64' lang='grc' dir='ltr'>Παπαῖ.</span> <span class='ocrx_word' id='word_1_342' title='bbox 1448 4167 1559 4232; x_wconf 69' lang='lat' dir='ltr'>cotom</span> 
     </span>
     <span class='ocr_line' id='line_1_36' title="bbox 196 4279 449 4348; baseline 0.012 -3"><span class='ocrx_word' id='word_1_343' title='bbox 196 4300 213 4338; x_wconf 69' lang='lat' dir='ltr'>a</span> <span class='ocrx_word' id='word_1_344' title='bbox 237 4298 270 4345; x_wconf 82' lang='lat' dir='ltr'>o.</span> <span class='ocrx_word' id='word_1_345' title='bbox 293 4279 323 4346; x_wconf 87' lang='grc'>9.</span> <span class='ocrx_word' id='word_1_346' title='bbox 346 4292 374 4348; x_wconf 83' lang='lat' dir='ltr'>et</span> <span class='ocrx_word' id='word_1_347' title='bbox 399 4281 449 4348; x_wconf 86' lang='lat'>10.</span> 
     </span>
    </p>

    <p class='ocr_par' dir='ltr' id='par_1_11' title="bbox 192 4384 1557 4909">
     <span class='ocr_line' id='line_1_37' title="bbox 282 4384 1557 4479; baseline 0.001 -28"><span class='ocrx_word' id='word_1_348' title='bbox 282 4384 311 4454; x_wconf 80' lang='grc'>3.</span> <span class='ocrx_word' id='word_1_349' title='bbox 331 4389 390 4454; x_wconf 86' lang='lat' dir='ltr'>Vel</span> <span class='ocrx_word' id='word_1_350' title='bbox 412 4409 470 4473; x_wconf 88' lang='lat' dir='ltr'>per</span> <span class='ocrx_word' id='word_1_351' title='bbox 490 4395 630 4475; x_wconf 89' lang='lat' dir='ltr'>primum</span> <span class='ocrx_word' id='word_1_352' title='bbox 652 4402 758 4461; x_wconf 88' lang='lat' dir='ltr'>actum</span> <span class='ocrx_word' id='word_1_353' title='bbox 780 4399 1060 4465; x_wconf 88' lang='lat' dir='ltr'>contradictorium</span> <span class='ocrx_word' id='word_1_354' title='bbox 1086 4414 1180 4479; x_wconf 87' lang='lat' dir='ltr'>quem</span> <span class='ocrx_word' id='word_1_355' title='bbox 1213 4395 1400 4478; x_wconf 86' lang='lat' dir='ltr'>procurator</span> <span class='ocrx_word' id='word_1_356' title='bbox 1431 4387 1505 4452; x_wconf 79' lang='lat' dir='ltr'>lacit</span> <span class='ocrx_word' id='word_1_357' title='bbox 1526 4386 1557 4447; x_wconf 86' lang='lat' dir='ltr'>in</span> 
     </span>
     <span class='ocr_line' id='line_1_38' title="bbox 192 4493 1557 4590; baseline 0.001 -33"><span class='ocrx_word' id='word_1_358' title='bbox 192 4493 308 4574; x_wconf 80' lang='lat' dir='ltr'>iudicio</span> <span class='ocrx_word' id='word_1_359' title='bbox 331 4502 496 4580; x_wconf 81' lang='lat' dir='ltr'>postquam</span> <span class='ocrx_word' id='word_1_360' title='bbox 519 4501 556 4567; x_wconf 87' lang='lat' dir='ltr'>lis</span> <span class='ocrx_word' id='word_1_361' title='bbox 576 4503 639 4569; x_wconf 86' lang='lat' dir='ltr'>luit</span> <span class='ocrx_word' id='word_1_362' title='bbox 659 4508 830 4573; x_wconf 87' lang='lat' dir='ltr'>contestata</span> <span class='ocrx_word' id='word_1_363' title='bbox 852 4524 927 4572; x_wconf 87' lang='lat' dir='ltr'>cunr</span> <span class='ocrx_word' id='word_1_364' title='bbox 951 4507 1131 4590; x_wconf 89' lang='lat' dir='ltr'>principali,</span> <span class='ocrx_word' id='word_1_365' title='bbox 1163 4504 1325 4586; x_wconf 69' lang='lat' dir='ltr'>lutfredus</span> <span class='ocrx_word' id='word_1_366' title='bbox 1347 4499 1557 4581; x_wconf 70' lang='lat' dir='ltr'>Laosroocus</span> 
     </span>
     <span class='ocr_line' id='line_1_39' title="bbox 192 4596 1555 4699; baseline 0.003 -36"><span class='ocrx_word' id='word_1_367' title='bbox 192 4596 313 4666; x_wconf 79' lang='lat' dir='ltr'>Battus</span> <span class='ocrx_word' id='word_1_368' title='bbox 333 4605 421 4670; x_wconf 80' lang='lat' dir='ltr'>doru.</span> <span class='ocrx_word' id='word_1_369' title='bbox 435 4601 511 4688; x_wconf 71' lang='grc'><strong>185,</strong></span> <span class='ocrx_word' id='word_1_370' title='bbox 525 4611 581 4690; x_wconf 86' lang='lat' dir='ltr'>qui</span> <span class='ocrx_word' id='word_1_371' title='bbox 603 4611 642 4675; x_wconf 91' lang='lat' dir='ltr'>de</span> <span class='ocrx_word' id='word_1_372' title='bbox 664 4615 822 4679; x_wconf 90' lang='lat' dir='ltr'>communi</span> <span class='ocrx_word' id='word_1_373' title='bbox 845 4620 992 4697; x_wconf 79' lang='lat' dir='ltr'>teutatm,</span> <span class='ocrx_word' id='word_1_374' title='bbox 1014 4620 1084 4699; x_wconf 88' lang='lat' dir='ltr'>post</span> <span class='ocrx_word' id='word_1_375' title='bbox 1108 4615 1242 4680; x_wconf 78' lang='lat' dir='ltr'>Petrum</span> <span class='ocrx_word' id='word_1_376' title='bbox 1266 4611 1393 4694; x_wconf 74' lang='lat' dir='ltr'>Cynum</span> <span class='ocrx_word' id='word_1_377' title='bbox 1414 4617 1442 4673; x_wconf 82' lang='lat' dir='ltr'>ct</span> <span class='ocrx_word' id='word_1_378' title='bbox 1465 4604 1555 4669; x_wconf 75' lang='lat' dir='ltr'>led</span> 
     </span>
     <span class='ocr_line' id='line_1_40' title="bbox 193 4708 1554 4807; baseline 0.01 -36"><span class='ocrx_word' id='word_1_379' title='bbox 193 4708 229 4770; x_wconf 84' lang='lat' dir='ltr'>irs</span> <span class='ocrx_word' id='word_1_380' title='bbox 251 4711 287 4775; x_wconf 72' lang='lat' dir='ltr'>l,</span> <span class='ocrx_word' id='word_1_381' title='bbox 307 4712 398 4789; x_wconf 74' lang='lat' dir='ltr'>ratiti,</span> <span class='ocrx_word' id='word_1_382' title='bbox 415 4722 444 4780; x_wconf 86' lang='lat' dir='ltr'>ct</span> <span class='ocrx_word' id='word_1_383' title='bbox 458 4717 494 4780; x_wconf 82' lang='lat' dir='ltr'>io</span> <span class='ocrx_word' id='word_1_384' title='bbox 509 4718 545 4781; x_wconf 83' lang='lat' dir='ltr'>L.</span> <span class='ocrx_word' id='word_1_385' title='bbox 561 4719 653 4783; x_wconf 79' lang='lat' dir='ltr'>nullu</span> <span class='ocrx_word' id='word_1_386' title='bbox 666 4723 731 4786; x_wconf 86' lang='lat' dir='ltr'>cod.</span> <span class='ocrx_word' id='word_1_387' title='bbox 752 4723 789 4787; x_wconf 85' lang='lat' dir='ltr'>dc</span> <span class='ocrx_word' id='word_1_388' title='bbox 809 4733 987 4805; x_wconf 77' lang='lat' dir='ltr'>procurat,</span> <span class='ocrx_word' id='word_1_389' title='bbox 1002 4725 1130 4807; x_wconf 77' lang='lat' dir='ltr'>Magoa.</span> <span class='ocrx_word' id='word_1_390' title='bbox 1152 4724 1241 4788; x_wconf 84' lang='lat' dir='ltr'>decis.</span> <span class='ocrx_word' id='word_1_391' title='bbox 1261 4722 1384 4802; x_wconf 68' lang='lat' dir='ltr'>florem.</span> <span class='ocrx_word' id='word_1_392' title='bbox 1396 4713 1441 4781; x_wconf 77' lang='lat' dir='ltr'>tc</span> <span class='ocrx_word' id='word_1_393' title='bbox 1455 4734 1489 4779; x_wconf 82' lang='lat' dir='ltr'>o.</span> <span class='ocrx_word' id='word_1_394' title='bbox 1502 4709 1554 4785; x_wconf 75' lang='grc'>25,</span> 
     </span>
     <span class='ocr_line' id='line_1_41' title="bbox 192 4813 1138 4909; baseline 0.019 -30"><span class='ocrx_word' id='word_1_395' title='bbox 192 4813 287 4884; x_wconf 80' lang='lat' dir='ltr'>Burs.</span> <span class='ocrx_word' id='word_1_396' title='bbox 308 4820 337 4884; x_wconf 75' lang='lat' dir='ltr'>d.</span> <span class='ocrx_word' id='word_1_397' title='bbox 358 4840 441 4888; x_wconf 83' lang='lat' dir='ltr'>coos.</span> <span class='ocrx_word' id='word_1_398' title='bbox 462 4819 529 4887; x_wconf 76' lang='lat' dir='ltr'>tta</span> <span class='ocrx_word' id='word_1_399' title='bbox 550 4846 582 4893; x_wconf 78' lang='lat' dir='ltr'>rt</span> <span class='ocrx_word' id='word_1_400' title='bbox 599 4825 627 4909; x_wconf 92' lang='grc'>1,</span> <span class='ocrx_word' id='word_1_401' title='bbox 650 4829 780 4896; x_wconf 75' lang='lat' dir='ltr'>dictitio.</span> <span class='ocrx_word' id='word_1_402' title='bbox 802 4832 830 4896; x_wconf 88' lang='lat' dir='ltr'>d.</span> <span class='ocrx_word' id='word_1_403' title='bbox 851 4833 941 4898; x_wconf 74' lang='lat' dir='ltr'>decia</span> <span class='ocrx_word' id='word_1_404' title='bbox 963 4828 1030 4897; x_wconf 73' lang='lat' dir='ltr'>eol</span> <span class='ocrx_word' id='word_1_405' title='bbox 1053 4852 1083 4897; x_wconf 86' lang='lat' dir='ltr'>rs.</span> <span class='ocrx_word' id='word_1_406' title='bbox 1107 4830 1138 4897; x_wconf 81' lang='grc'>2</span> 
     </span>
    </p>
   </div>
   <div class='ocr_carea' id='block_1_4' title="bbox 0 0 1872 5750">
    <p class='ocr_par' dir='ltr' id='par_1_12' title="bbox 0 0 1872 5750">
     <span class='ocr_line' id='line_1_42' title="bbox 0 0 1872 5750; baseline 0 4"><span class='ocrx_word' id='word_1_407' title='bbox 0 0 1872 5750; x_wconf 95' lang='lat' dir='ltr'> </span> 
     </span>
    </p>
   </div>
  </div>
 </body>
</html>
