<?xml version="1.0" encoding="UTF-8"?>
<!DOCTYPE html PUBLIC "-//W3C//DTD XHTML 1.0 Transitional//EN"
    "http://www.w3.org/TR/xhtml1/DTD/xhtml1-transitional.dtd">
<html xmlns="http://www.w3.org/1999/xhtml" xml:lang="en" lang="en">
 <head>
  <title>
</title>
<meta http-equiv="Content-Type" content="text/html;charset=utf-8" />
  <meta name='ocr-system' content='tesseract 3.04.00' />
  <meta name='ocr-capabilities' content='ocr_page ocr_carea ocr_par ocr_line ocrx_word'/>
</head>
<body>
  <div class='ocr_page' id='page_1' title='image "./tractatusdeproc00cencgoog_0469.png"; bbox 0 0 3734 5750; ppageno 0'>
   <div class='ocr_carea' id='block_1_1' title="bbox 480 282 1558 379">
    <p class='ocr_par' dir='ltr' id='par_1_1' title="bbox 480 282 1558 379">
     <span class='ocr_line' id='line_1_1' title="bbox 480 282 1558 379; baseline 0.007 -8"><span class='ocrx_word' id='word_1_1' title='bbox 480 305 538 371; x_wconf 84' lang='lat' dir='ltr'><strong>or</strong></span> <span class='ocrx_word' id='word_1_2' title='bbox 561 282 948 372; x_wconf 76' lang='lat' dir='ltr'><strong>rnoconnuonrnos.</strong></span> <span class='ocrx_word' id='word_1_3' title='bbox 971 308 1060 375; x_wconf 78' lang='lat' dir='ltr'><strong>cnr.</strong></span> <span class='ocrx_word' id='word_1_4' title='bbox 1084 308 1278 377; x_wconf 81' lang='lat' dir='ltr'><strong>nxxxvn.</strong></span> <span class='ocrx_word' id='word_1_5' title='bbox 1493 311 1558 379; x_wconf 77' lang='lat' dir='ltr'><strong>aar</strong></span> 
     </span>
    </p>
   </div>
   <div class='ocr_carea' id='block_1_2' title="bbox 176 473 1560 4901">
    <p class='ocr_par' dir='ltr' id='par_1_2' title="bbox 187 473 1560 778">
     <span class='ocr_line' id='line_1_2' title="bbox 275 473 1559 561; baseline 0.007 -21"><span class='ocrx_word' id='word_1_6' title='bbox 275 476 304 542; x_wconf 85' lang='grc'><strong>2.</strong></span> <span class='ocrx_word' id='word_1_7' title='bbox 327 482 377 542; x_wconf 76' lang='lat' dir='ltr'><strong>An</strong></span> <span class='ocrx_word' id='word_1_8' title='bbox 399 482 507 543; x_wconf 88' lang='lat' dir='ltr'><strong>autern</strong></span> <span class='ocrx_word' id='word_1_9' title='bbox 522 493 579 559; x_wconf 93' lang='lat' dir='ltr'><strong>per</strong></span> <span class='ocrx_word' id='word_1_10' title='bbox 593 474 699 541; x_wconf 81' lang='lat' dir='ltr'>literas</span> <span class='ocrx_word' id='word_1_11' title='bbox 714 473 917 549; x_wconf 86' lang='lat' dir='ltr'><strong>credentiales</strong></span> <span class='ocrx_word' id='word_1_12' title='bbox 941 475 1137 561; x_wconf 77' lang='lat' dir='ltr'><strong>intelligatur</strong></span> <span class='ocrx_word' id='word_1_13' title='bbox 1159 478 1269 547; x_wconf 88' lang='lat' dir='ltr'><strong>datum</strong></span> <span class='ocrx_word' id='word_1_14' title='bbox 1293 481 1354 547; x_wconf 90' lang='lat' dir='ltr'><strong>tale</strong></span> <span class='ocrx_word' id='word_1_15' title='bbox 1376 483 1559 551; x_wconf 87' lang='lat' dir='ltr'><strong>mandatum</strong></span> 
     </span>
     <span class='ocr_line' id='line_1_3' title="bbox 187 584 1560 672; baseline 0.001 -19"><span class='ocrx_word' id='word_1_16' title='bbox 187 589 323 672; x_wconf 76' lang='lat' dir='ltr'><strong>explicat</strong></span> <span class='ocrx_word' id='word_1_17' title='bbox 353 587 441 651; x_wconf 84' lang='lat' dir='ltr'><strong>Vunt.</strong></span> <span class='ocrx_word' id='word_1_18' title='bbox 464 589 500 651; x_wconf 80' lang='lat' dir='ltr'><strong>in</strong></span> <span class='ocrx_word' id='word_1_19' title='bbox 523 595 613 650; x_wconf 82' lang='lat' dir='ltr'><strong>tract</strong></span> <span class='ocrx_word' id='word_1_20' title='bbox 637 584 675 648; x_wconf 86' lang='lat' dir='ltr'><strong>dc</strong></span> <span class='ocrx_word' id='word_1_21' title='bbox 699 584 803 649; x_wconf 74' lang='lat' dir='ltr'><strong>nollit.</strong></span> <span class='ocrx_word' id='word_1_22' title='bbox 818 586 853 666; x_wconf 72' lang='lat' dir='ltr'><strong>ia</strong></span> <span class='ocrx_word' id='word_1_23' title='bbox 868 587 914 653; x_wconf 88' lang='lat' dir='ltr'><strong>tit.</strong></span> <span class='ocrx_word' id='word_1_24' title='bbox 928 586 965 650; x_wconf 80' lang='lat' dir='ltr'><strong>de</strong></span> <span class='ocrx_word' id='word_1_25' title='bbox 980 587 1141 661; x_wconf 72' lang='lat' dir='ltr'><strong>nuiliaco</strong></span> <span class='ocrx_word' id='word_1_26' title='bbox 1155 587 1263 670; x_wconf 81' lang='lat' dir='ltr'><strong>desect.</strong></span> <span class='ocrx_word' id='word_1_27' title='bbox 1277 589 1432 655; x_wconf 73' lang='lat' dir='ltr'><strong>intabuit.</strong></span> <span class='ocrx_word' id='word_1_28' title='bbox 1447 609 1479 657; x_wconf 85' lang='lat' dir='ltr'><strong>n.</strong></span> <span class='ocrx_word' id='word_1_29' title='bbox 1497 588 1560 656; x_wconf 80' lang='grc'><strong>139</strong></span> 
     </span>
     <span class='ocr_line' id='line_1_4' title="bbox 187 695 570 778; baseline -0.013 -17"><span class='ocrx_word' id='word_1_30' title='bbox 187 715 264 762; x_wconf 71' lang='lat' dir='ltr'><strong>oua.</strong></span> <span class='ocrx_word' id='word_1_31' title='bbox 280 695 439 778; x_wconf 82' lang='lat' dir='ltr'><strong>numquid</strong></span> <span class='ocrx_word' id='word_1_32' title='bbox 454 704 570 757; x_wconf 75' lang='lat' dir='ltr'><strong>eutem,</strong></span> 
     </span>
    </p>

    <p class='ocr_par' dir='ltr' id='par_1_3' title="bbox 187 800 1555 998">
     <span class='ocr_line' id='line_1_5' title="bbox 275 800 1555 885; baseline 0.005 -20"><span class='ocrx_word' id='word_1_33' title='bbox 275 826 293 865; x_wconf 77' lang='lat' dir='ltr'><strong>e</strong></span> <span class='ocrx_word' id='word_1_34' title='bbox 317 803 504 871; x_wconf 82' lang='lat' dir='ltr'><strong>Mandatum</strong></span> <span class='ocrx_word' id='word_1_35' title='bbox 526 802 564 866; x_wconf 92' lang='lat' dir='ltr'><strong>de</strong></span> <span class='ocrx_word' id='word_1_36' title='bbox 586 800 730 866; x_wconf 83' lang='lat' dir='ltr'><strong>solvendo</strong></span> <span class='ocrx_word' id='word_1_37' title='bbox 753 806 897 879; x_wconf 89' lang='lat' dir='ltr'><strong>tractam,</strong></span> <span class='ocrx_word' id='word_1_38' title='bbox 910 807 996 869; x_wconf 84' lang='lat' dir='ltr'><strong>stare</strong></span> <span class='ocrx_word' id='word_1_39' title='bbox 1017 821 1077 868; x_wconf 93' lang='lat' dir='ltr'><strong>non</strong></span> <span class='ocrx_word' id='word_1_40' title='bbox 1101 808 1204 885; x_wconf 85' lang='lat' dir='ltr'><strong>potest</strong></span> <span class='ocrx_word' id='word_1_41' title='bbox 1225 805 1291 869; x_wconf 86' lang='lat' dir='ltr'><strong>sine</strong></span> <span class='ocrx_word' id='word_1_42' title='bbox 1312 804 1411 873; x_wconf 88' lang='lat' dir='ltr'><strong>altero</strong></span> <span class='ocrx_word' id='word_1_43' title='bbox 1432 807 1472 872; x_wconf 92' lang='lat' dir='ltr'><strong>de</strong></span> <span class='ocrx_word' id='word_1_44' title='bbox 1486 810 1555 872; x_wconf 80' lang='lat' dir='ltr'><strong>eri·</strong></span> 
     </span>
     <span class='ocr_line' id='line_1_6' title="bbox 187 905 1013 998; baseline 0.005 -25"><span class='ocrx_word' id='word_1_45' title='bbox 187 937 204 973; x_wconf 76' lang='lat' dir='ltr'><strong>n</strong></span> <span class='ocrx_word' id='word_1_46' title='bbox 229 912 347 998; x_wconf 88' lang='lat' dir='ltr'><strong>gendo,</strong></span> <span class='ocrx_word' id='word_1_47' title='bbox 373 909 541 977; x_wconf 83' lang='lat' dir='ltr'><strong>Sominiot.</strong></span> <span class='ocrx_word' id='word_1_48' title='bbox 563 917 701 975; x_wconf 83' lang='lat' dir='ltr'><strong>controv.</strong></span> <span class='ocrx_word' id='word_1_49' title='bbox 724 905 767 973; x_wconf 85' lang='grc'><strong>27</strong></span> <span class='ocrx_word' id='word_1_50' title='bbox 790 929 821 974; x_wconf 81' lang='lat' dir='ltr'><strong>o.</strong></span> <span class='ocrx_word' id='word_1_51' title='bbox 843 908 887 974; x_wconf 83' lang='lat'><strong>73</strong></span> <span class='ocrx_word' id='word_1_52' title='bbox 910 911 959 975; x_wconf 83' lang='lat' dir='ltr'><strong>oc.</strong></span> <span class='ocrx_word' id='word_1_53' title='bbox 984 910 1013 979; x_wconf 88' lang='lat'><strong>1.</strong></span> 
     </span>
    </p>

    <p class='ocr_par' dir='ltr' id='par_1_4' title="bbox 185 1016 1559 1209">
     <span class='ocr_line' id='line_1_7' title="bbox 274 1016 1559 1102; baseline 0.004 -21"><span class='ocrx_word' id='word_1_54' title='bbox 274 1042 292 1081; x_wconf 73' lang='lat' dir='ltr'><strong>a</strong></span> <span class='ocrx_word' id='word_1_55' title='bbox 318 1025 492 1102; x_wconf 77' lang='lat' dir='ltr'><strong>acceptans</strong></span> <span class='ocrx_word' id='word_1_56' title='bbox 514 1016 696 1083; x_wconf 87' lang='lat' dir='ltr'><strong>mandatum</strong></span> <span class='ocrx_word' id='word_1_57' title='bbox 721 1017 902 1083; x_wconf 82' lang='lat' dir='ltr'><strong>remittendi</strong></span> <span class='ocrx_word' id='word_1_58' title='bbox 925 1019 1090 1101; x_wconf 88' lang='lat' dir='ltr'><strong>pecuniam</strong></span> <span class='ocrx_word' id='word_1_59' title='bbox 1111 1020 1150 1086; x_wconf 92' lang='lat' dir='ltr'><strong>ad</strong></span> <span class='ocrx_word' id='word_1_60' title='bbox 1173 1021 1311 1089; x_wconf 79' lang='lat' dir='ltr'><strong>latorem</strong></span> <span class='ocrx_word' id='word_1_61' title='bbox 1334 1022 1489 1090; x_wconf 86' lang='lat' dir='ltr'><strong>trahentis</strong></span> <span class='ocrx_word' id='word_1_62' title='bbox 1509 1023 1559 1088; x_wconf 92' lang='lat' dir='ltr'><strong>di-</strong></span> 
     </span>
     <span class='ocr_line' id='line_1_8' title="bbox 185 1121 894 1209; baseline 0 -17"><span class='ocrx_word' id='word_1_63' title='bbox 185 1152 204 1192; x_wconf 79' lang='lat'>«</span> <span class='ocrx_word' id='word_1_64' title='bbox 227 1130 314 1194; x_wconf 92' lang='lat' dir='ltr'><strong>citur</strong></span> <span class='ocrx_word' id='word_1_65' title='bbox 335 1129 403 1209; x_wconf 82' lang='lat' dir='ltr'><strong>ejus</strong></span> <span class='ocrx_word' id='word_1_66' title='bbox 423 1129 630 1209; x_wconf 87' lang='lat' dir='ltr'><strong>procurator,</strong></span> <span class='ocrx_word' id='word_1_67' title='bbox 652 1124 763 1189; x_wconf 80' lang='lat' dir='ltr'><strong>ibidem</strong></span> <span class='ocrx_word' id='word_1_68' title='bbox 787 1144 819 1189; x_wconf 89' lang='lat' dir='ltr'><strong>n.</strong></span> <span class='ocrx_word' id='word_1_69' title='bbox 841 1121 894 1201; x_wconf 73' lang='lat' dir='ltr'><strong>&#39;lle</strong></span> 
     </span>
    </p>

    <p class='ocr_par' dir='ltr' id='par_1_5' title="bbox 180 1233 1560 2166">
     <span class='ocr_line' id='line_1_9' title="bbox 253 1233 1558 1324; baseline 0.005 -28"><span class='ocrx_word' id='word_1_70' title='bbox 253 1257 272 1296; x_wconf 73' lang='lat' dir='ltr'><strong>e</strong></span> <span class='ocrx_word' id='word_1_71' title='bbox 297 1235 429 1315; x_wconf 87' lang='lat' dir='ltr'><strong>Quando</strong></span> <span class='ocrx_word' id='word_1_72' title='bbox 444 1235 475 1297; x_wconf 93' lang='lat' dir='ltr'><strong>in</strong></span> <span class='ocrx_word' id='word_1_73' title='bbox 490 1234 591 1298; x_wconf 90' lang='lat' dir='ltr'><strong>literis</strong></span> <span class='ocrx_word' id='word_1_74' title='bbox 609 1233 763 1297; x_wconf 79' lang='lat' dir='ltr'><strong>d&#39;Aooiso</strong></span> <span class='ocrx_word' id='word_1_75' title='bbox 778 1233 891 1300; x_wconf 87' lang='lat' dir='ltr'><strong>adsunt</strong></span> <span class='ocrx_word' id='word_1_76' title='bbox 915 1234 964 1299; x_wconf 91' lang='lat' dir='ltr'><strong>illa</strong></span> <span class='ocrx_word' id='word_1_77' title='bbox 982 1236 1073 1301; x_wconf 84' lang='lat' dir='ltr'><strong>verbu</strong></span> <span class='ocrx_word' id='word_1_78' title='bbox 1091 1259 1108 1297; x_wconf 81' lang='lat' dir='ltr'><strong>a</strong></span> <span class='ocrx_word' id='word_1_79' title='bbox 1125 1238 1225 1319; x_wconf 81' lang='lat' dir='ltr'><strong>sarelo</strong></span> <span class='ocrx_word' id='word_1_80' title='bbox 1240 1257 1299 1304; x_wconf 82' lang='lat' dir='ltr'><strong>con</strong></span> <span class='ocrx_word' id='word_1_81' title='bbox 1314 1242 1377 1305; x_wconf 86' lang='lat' dir='ltr'><strong>mio</strong></span> <span class='ocrx_word' id='word_1_82' title='bbox 1392 1241 1508 1324; x_wconf 84' lang='lat' dir='ltr'><strong>obbtipo</strong></span> <span class='ocrx_word' id='word_1_83' title='bbox 1526 1265 1558 1319; x_wconf 82' lang='lat' dir='ltr'><strong>o,</strong></span> 
     </span>
     <span class='ocr_line' id='line_1_10' title="bbox 184 1340 1555 1430; baseline 0.005 -23"><span class='ocrx_word' id='word_1_84' title='bbox 184 1368 202 1407; x_wconf 73' lang='lat' dir='ltr'><strong>a</strong></span> <span class='ocrx_word' id='word_1_85' title='bbox 228 1346 286 1411; x_wconf 85' lang='lat' dir='ltr'><strong>ista</strong></span> <span class='ocrx_word' id='word_1_86' title='bbox 310 1345 402 1409; x_wconf 87' lang='lat' dir='ltr'><strong>rerba</strong></span> <span class='ocrx_word' id='word_1_87' title='bbox 426 1341 652 1407; x_wconf 85' lang='lat' dir='ltr'><strong>insubstantia</strong></span> <span class='ocrx_word' id='word_1_88' title='bbox 675 1340 718 1404; x_wconf 93' lang='lat' dir='ltr'><strong>nil</strong></span> <span class='ocrx_word' id='word_1_89' title='bbox 740 1341 825 1407; x_wconf 92' lang='lat' dir='ltr'><strong>aliud</strong></span> <span class='ocrx_word' id='word_1_90' title='bbox 849 1342 1022 1425; x_wconf 88' lang='lat' dir='ltr'><strong>important</strong></span> <span class='ocrx_word' id='word_1_91' title='bbox 1045 1363 1141 1426; x_wconf 87' lang='lat' dir='ltr'><strong>qnam</strong></span> <span class='ocrx_word' id='word_1_92' title='bbox 1173 1348 1303 1429; x_wconf 78' lang='lat' dir='ltr'><strong>speciale</strong></span> <span class='ocrx_word' id='word_1_93' title='bbox 1325 1352 1360 1413; x_wconf 90' lang='lat' dir='ltr'><strong>et</strong></span> <span class='ocrx_word' id='word_1_94' title='bbox 1380 1348 1555 1430; x_wconf 87' lang='lat' dir='ltr'><strong>praecisum</strong></span> 
     </span>
     <span class='ocr_line' id='line_1_11' title="bbox 184 1450 1560 1538; baseline 0.004 -21"><span class='ocrx_word' id='word_1_95' title='bbox 184 1478 204 1517; x_wconf 76' lang='lat' dir='ltr'><strong>a</strong></span> <span class='ocrx_word' id='word_1_96' title='bbox 230 1452 412 1519; x_wconf 87' lang='lat' dir='ltr'><strong>mandatum</strong></span> <span class='ocrx_word' id='word_1_97' title='bbox 436 1451 547 1517; x_wconf 87' lang='lat' dir='ltr'><strong>datum</strong></span> <span class='ocrx_word' id='word_1_98' title='bbox 570 1450 609 1516; x_wconf 91' lang='lat' dir='ltr'><strong>ab</strong></span> <span class='ocrx_word' id='word_1_99' title='bbox 632 1451 698 1532; x_wconf 86' lang='lat' dir='ltr'><strong>ipso</strong></span> <span class='ocrx_word' id='word_1_100' title='bbox 730 1451 884 1533; x_wconf 79' lang='lat' dir='ltr'>scriptore</span> <span class='ocrx_word' id='word_1_101' title='bbox 906 1451 944 1516; x_wconf 88' lang='lat' dir='ltr'><strong>ad</strong></span> <span class='ocrx_word' id='word_1_102' title='bbox 968 1453 1194 1535; x_wconf 86' lang='lat' dir='ltr'><strong>acceptandum</strong></span> <span class='ocrx_word' id='word_1_103' title='bbox 1225 1472 1321 1538; x_wconf 88' lang='lat' dir='ltr'><strong>super</strong></span> <span class='ocrx_word' id='word_1_104' title='bbox 1352 1460 1495 1538; x_wconf 85' lang='lat' dir='ltr'><strong>protestu</strong></span> <span class='ocrx_word' id='word_1_105' title='bbox 1525 1462 1560 1523; x_wconf 92' lang='lat' dir='ltr'><strong>et</strong></span> 
     </span>
     <span class='ocr_line' id='line_1_12' title="bbox 185 1559 1557 1646; baseline 0.001 -21"><span class='ocrx_word' id='word_1_106' title='bbox 185 1586 203 1625; x_wconf 73' lang='lat' dir='ltr'><strong>a</strong></span> <span class='ocrx_word' id='word_1_107' title='bbox 227 1581 286 1646; x_wconf 90' lang='lat' dir='ltr'><strong>pro</strong></span> <span class='ocrx_word' id='word_1_108' title='bbox 308 1560 427 1626; x_wconf 90' lang='lat' dir='ltr'><strong>bonore</strong></span> <span class='ocrx_word' id='word_1_109' title='bbox 449 1559 617 1627; x_wconf 86' lang='lat' dir='ltr'><strong>literarum</strong></span> <span class='ocrx_word' id='word_1_110' title='bbox 641 1561 794 1637; x_wconf 79' lang='lat' dir='ltr'><strong>tructam3</strong></span> <span class='ocrx_word' id='word_1_111' title='bbox 815 1575 889 1629; x_wconf 89' lang='lat' dir='ltr'><strong>curu</strong></span> <span class='ocrx_word' id='word_1_112' title='bbox 911 1560 998 1625; x_wconf 90' lang='lat' dir='ltr'><strong>enim</strong></span> <span class='ocrx_word' id='word_1_113' title='bbox 1020 1565 1184 1644; x_wconf 84' lang='lat' dir='ltr'><strong>acceptare</strong></span> <span class='ocrx_word' id='word_1_114' title='bbox 1205 1579 1302 1645; x_wconf 84' lang='lat' dir='ltr'><strong>super</strong></span> <span class='ocrx_word' id='word_1_115' title='bbox 1324 1567 1470 1646; x_wconf 81' lang='lat' dir='ltr'><strong>protecta</strong></span> <span class='ocrx_word' id='word_1_116' title='bbox 1483 1581 1557 1627; x_wconf 92' lang='lat' dir='ltr'><strong>con-</strong></span> 
     </span>
     <span class='ocr_line' id='line_1_13' title="bbox 184 1665 1557 1754; baseline 0.003 -23"><span class='ocrx_word' id='word_1_117' title='bbox 184 1693 202 1731; x_wconf 79' lang='lat'>«</span> <span class='ocrx_word' id='word_1_118' title='bbox 228 1670 328 1736; x_wconf 74' lang='lat' dir='ltr'><strong>timet</strong></span> <span class='ocrx_word' id='word_1_119' title='bbox 348 1667 538 1749; x_wconf 84' lang='lat' dir='ltr'><strong>acceptantia</strong></span> <span class='ocrx_word' id='word_1_120' title='bbox 560 1665 801 1731; x_wconf 75' lang='lat' dir='ltr'><strong>declarationem</strong></span> <span class='ocrx_word' id='word_1_121' title='bbox 824 1669 1065 1751; x_wconf 85' lang='lat' dir='ltr'><strong>recognoscendi</strong></span> <span class='ocrx_word' id='word_1_122' title='bbox 1081 1670 1256 1754; x_wconf 86' lang='lat' dir='ltr'><strong>obligatum</strong></span> <span class='ocrx_word' id='word_1_123' title='bbox 1272 1672 1375 1754; x_wconf 82' lang='lat' dir='ltr'><strong>ipsum</strong></span> <span class='ocrx_word' id='word_1_124' title='bbox 1391 1671 1557 1736; x_wconf 91' lang='lat' dir='ltr'><strong>literarum</strong></span> 
     </span>
     <span class='ocr_line' id='line_1_14' title="bbox 184 1773 1557 1861; baseline 0.001 -20"><span class='ocrx_word' id='word_1_125' title='bbox 184 1801 201 1841; x_wconf 72' lang='lat' dir='ltr'><strong>e</strong></span> <span class='ocrx_word' id='word_1_126' title='bbox 227 1778 434 1861; x_wconf 77' lang='lat' dir='ltr'><strong>scriptorem,</strong></span> <span class='ocrx_word' id='word_1_127' title='bbox 455 1774 516 1839; x_wconf 92' lang='lat' dir='ltr'><strong>hoc</strong></span> <span class='ocrx_word' id='word_1_128' title='bbox 549 1773 629 1839; x_wconf 87' lang='lat' dir='ltr'><strong>ideru</strong></span> <span class='ocrx_word' id='word_1_129' title='bbox 652 1774 786 1858; x_wconf 80' lang='lat' dir='ltr'><strong>scriptor</strong></span> <span class='ocrx_word' id='word_1_130' title='bbox 809 1775 909 1841; x_wconf 82' lang='lat' dir='ltr'><strong>voluit</strong></span> <span class='ocrx_word' id='word_1_131' title='bbox 929 1782 963 1842; x_wconf 90' lang='lat' dir='ltr'><strong>et</strong></span> <span class='ocrx_word' id='word_1_132' title='bbox 985 1776 1142 1845; x_wconf 84' lang='lat' dir='ltr'><strong>mandarit</strong></span> <span class='ocrx_word' id='word_1_133' title='bbox 1164 1778 1195 1841; x_wconf 93' lang='lat' dir='ltr'><strong>in</strong></span> <span class='ocrx_word' id='word_1_134' title='bbox 1226 1778 1320 1845; x_wconf 82' lang='lat' dir='ltr'><strong>dictis</strong></span> <span class='ocrx_word' id='word_1_135' title='bbox 1339 1778 1455 1857; x_wconf 89' lang='lat' dir='ltr'><strong>literis,</strong></span> <span class='ocrx_word' id='word_1_136' title='bbox 1483 1794 1557 1843; x_wconf 89' lang='lat' dir='ltr'><strong>casu</strong></span> 
     </span>
     <span class='ocr_line' id='line_1_15' title="bbox 181 1874 1556 1969; baseline 0 -22"><span class='ocrx_word' id='word_1_137' title='bbox 181 1909 201 1947; x_wconf 71' lang='grc' dir='ltr'><strong>α</strong></span> <span class='ocrx_word' id='word_1_138' title='bbox 225 1903 292 1968; x_wconf 81' lang='lat' dir='ltr'><strong>qno</strong></span> <span class='ocrx_word' id='word_1_139' title='bbox 312 1884 409 1950; x_wconf 88' lang='lat' dir='ltr'><strong>libere</strong></span> <span class='ocrx_word' id='word_1_140' title='bbox 431 1885 530 1947; x_wconf 86' lang='lat' dir='ltr'><strong>tracta</strong></span> <span class='ocrx_word' id='word_1_141' title='bbox 553 1898 614 1945; x_wconf 90' lang='lat' dir='ltr'><strong>non</strong></span> <span class='ocrx_word' id='word_1_142' title='bbox 638 1881 747 1947; x_wconf 86' lang='lat' dir='ltr'><strong>luisset</strong></span> <span class='ocrx_word' id='word_1_143' title='bbox 761 1886 932 1966; x_wconf 87' lang='lat' dir='ltr'><strong>acceptata,</strong></span> <span class='ocrx_word' id='word_1_144' title='bbox 946 1883 1077 1959; x_wconf 83' lang='lat' dir='ltr'><strong>dicendo</strong></span> <span class='ocrx_word' id='word_1_145' title='bbox 1093 1907 1111 1945; x_wconf 74' lang='lat' dir='ltr'><strong>a</strong></span> <span class='ocrx_word' id='word_1_146' title='bbox 1128 1887 1226 1969; x_wconf 73' lang='lat' dir='ltr'><strong>sotcto</strong></span> <span class='ocrx_word' id='word_1_147' title='bbox 1241 1904 1300 1950; x_wconf 84' lang='lat' dir='ltr'><strong>con</strong></span> <span class='ocrx_word' id='word_1_148' title='bbox 1316 1874 1510 1969; x_wconf 60' lang='lat' dir='ltr'><strong>mio&#39;obbtipo</strong></span> <span class='ocrx_word' id='word_1_149' title='bbox 1526 1907 1556 1965; x_wconf 78' lang='lat' dir='ltr'><strong>r,</strong></span> 
     </span>
     <span class='ocr_line' id='line_1_16' title="bbox 182 1980 1560 2076; baseline 0.003 -19"><span class='ocrx_word' id='word_1_150' title='bbox 182 2014 201 2057; x_wconf 79' lang='grc' dir='ltr'><strong>α</strong></span> <span class='ocrx_word' id='word_1_151' title='bbox 226 1991 368 2069; x_wconf 76' lang='lat' dir='ltr'><strong>noceat</strong></span> <span class='ocrx_word' id='word_1_152' title='bbox 390 1980 585 2055; x_wconf 85' lang='lat' dir='ltr'><strong>considerata</strong></span> <span class='ocrx_word' id='word_1_153' title='bbox 608 1989 797 2074; x_wconf 76' lang='lat' dir='ltr'><strong>obligatione</strong></span> <span class='ocrx_word' id='word_1_154' title='bbox 820 2008 898 2069; x_wconf 90' lang='lat' dir='ltr'><strong>mea,</strong></span> <span class='ocrx_word' id='word_1_155' title='bbox 913 2009 970 2057; x_wconf 85' lang='lat' dir='ltr'><strong>eeu</strong></span> <span class='ocrx_word' id='word_1_156' title='bbox 993 2010 1063 2059; x_wconf 89' lang='lat' dir='ltr'><strong>meo</strong></span> <span class='ocrx_word' id='word_1_157' title='bbox 1087 1994 1224 2076; x_wconf 90' lang='lat' dir='ltr'><strong>periculo</strong></span> <span class='ocrx_word' id='word_1_158' title='bbox 1247 1998 1280 2060; x_wconf 92' lang='lat' dir='ltr'><strong>et</strong></span> <span class='ocrx_word' id='word_1_159' title='bbox 1302 1995 1435 2074; x_wconf 85' lang='lat' dir='ltr'><strong>damno,</strong></span> <span class='ocrx_word' id='word_1_160' title='bbox 1454 1993 1560 2061; x_wconf 85' lang='lat' dir='ltr'><strong>Sumi-</strong></span> 
     </span>
     <span class='ocr_line' id='line_1_17' title="bbox 180 2094 772 2166; baseline 0 -3"><span class='ocrx_word' id='word_1_161' title='bbox 180 2124 201 2163; x_wconf 73' lang='lat' dir='ltr'><strong>a</strong></span> <span class='ocrx_word' id='word_1_162' title='bbox 227 2103 298 2166; x_wconf 82' lang='lat' dir='ltr'><strong>ntor</strong></span> <span class='ocrx_word' id='word_1_163' title='bbox 321 2106 461 2163; x_wconf 78' lang='lat' dir='ltr'><strong>controv.</strong></span> <span class='ocrx_word' id='word_1_164' title='bbox 483 2095 526 2160; x_wconf 83' lang='grc'><strong>27</strong></span> <span class='ocrx_word' id='word_1_165' title='bbox 549 2117 580 2161; x_wconf 86' lang='lat' dir='ltr'><strong>n.</strong></span> <span class='ocrx_word' id='word_1_166' title='bbox 603 2094 648 2161; x_wconf 74' lang='lat' dir='ltr'><strong>dd</strong></span> <span class='ocrx_word' id='word_1_167' title='bbox 670 2098 719 2163; x_wconf 77' lang='lat' dir='ltr'><strong>tit.</strong></span> <span class='ocrx_word' id='word_1_168' title='bbox 744 2097 772 2163; x_wconf 91' lang='lat'><strong>1.</strong></span> 
     </span>
    </p>

    <p class='ocr_par' dir='ltr' id='par_1_6' title="bbox 180 2206 1557 2392">
     <span class='ocr_line' id='line_1_18' title="bbox 272 2206 1557 2293; baseline 0.005 -25"><span class='ocrx_word' id='word_1_169' title='bbox 272 2229 290 2268; x_wconf 77' lang='lat' dir='ltr'><strong>e</strong></span> <span class='ocrx_word' id='word_1_170' title='bbox 315 2206 418 2273; x_wconf 84' lang='lat' dir='ltr'><strong>Verba</strong></span> <span class='ocrx_word' id='word_1_171' title='bbox 443 2227 460 2267; x_wconf 79' lang='lat' dir='ltr'><strong>r</strong></span> <span class='ocrx_word' id='word_1_172' title='bbox 485 2207 517 2269; x_wconf 86' lang='lat' dir='ltr'><strong>oi</strong></span> <span class='ocrx_word' id='word_1_173' title='bbox 538 2216 649 2288; x_wconf 75' lang='lat' dir='ltr'><strong>troppo</strong></span> <span class='ocrx_word' id='word_1_174' title='bbox 670 2226 729 2288; x_wconf 82' lang='lat' dir='ltr'><strong>per</strong></span> <span class='ocrx_word' id='word_1_175' title='bbox 752 2217 842 2277; x_wconf 80' lang='lat' dir='ltr'><strong>conto</strong></span> <span class='ocrx_word' id='word_1_176' title='bbox 857 2217 912 2274; x_wconf 85' lang='lat' dir='ltr'><strong>etc.</strong></span> <span class='ocrx_word' id='word_1_177' title='bbox 929 2230 946 2269; x_wconf 82' lang='lat' dir='ltr'><strong>o</strong></span> <span class='ocrx_word' id='word_1_178' title='bbox 962 2209 1095 2293; x_wconf 88' lang='lat' dir='ltr'><strong>probant</strong></span> <span class='ocrx_word' id='word_1_179' title='bbox 1109 2209 1292 2276; x_wconf 87' lang='lat' dir='ltr'><strong>mandatum</strong></span> <span class='ocrx_word' id='word_1_180' title='bbox 1307 2227 1403 2291; x_wconf 90' lang='lat' dir='ltr'><strong>super</strong></span> <span class='ocrx_word' id='word_1_181' title='bbox 1417 2210 1557 2292; x_wconf 91' lang='lat' dir='ltr'><strong>periculo</strong></span> 
     </span>
     <span class='ocr_line' id='line_1_19' title="bbox 180 2310 666 2392; baseline 0.019 -18"><span class='ocrx_word' id='word_1_182' title='bbox 180 2336 200 2374; x_wconf 73' lang='grc' dir='ltr'>ι</span> <span class='ocrx_word' id='word_1_183' title='bbox 226 2313 422 2392; x_wconf 86' lang='lat' dir='ltr'><strong>mandantis,</strong></span> <span class='ocrx_word' id='word_1_184' title='bbox 437 2314 551 2378; x_wconf 84' lang='lat' dir='ltr'><strong>ibidem</strong></span> <span class='ocrx_word' id='word_1_185' title='bbox 566 2332 599 2379; x_wconf 79' lang='lat' dir='ltr'><strong>a.</strong></span> <span class='ocrx_word' id='word_1_186' title='bbox 613 2310 666 2383; x_wconf 70' lang='lat'><strong>62</strong></span> 
     </span>
    </p>

    <p class='ocr_par' dir='ltr' id='par_1_7' title="bbox 180 2411 1557 2722">
     <span class='ocr_line' id='line_1_20' title="bbox 270 2411 1557 2511; baseline 0.008 -28"><span class='ocrx_word' id='word_1_187' title='bbox 270 2443 289 2483; x_wconf 80' lang='lat' dir='ltr'><strong>e</strong></span> <span class='ocrx_word' id='word_1_188' title='bbox 314 2421 373 2487; x_wconf 83' lang='lat' dir='ltr'><strong>llic</strong></span> <span class='ocrx_word' id='word_1_189' title='bbox 388 2421 485 2487; x_wconf 90' lang='lat' dir='ltr'><strong>etiam</strong></span> <span class='ocrx_word' id='word_1_190' title='bbox 501 2421 605 2488; x_wconf 88' lang='lat' dir='ltr'><strong>lorsan</strong></span> <span class='ocrx_word' id='word_1_191' title='bbox 620 2422 738 2504; x_wconf 88' lang='lat' dir='ltr'><strong>poterit</strong></span> <span class='ocrx_word' id='word_1_192' title='bbox 752 2422 863 2487; x_wconf 87' lang='lat' dir='ltr'><strong>relerri</strong></span> <span class='ocrx_word' id='word_1_193' title='bbox 879 2423 1047 2501; x_wconf 84' lang='lat' dir='ltr'><strong>conclusio,</strong></span> <span class='ocrx_word' id='word_1_194' title='bbox 1056 2422 1142 2505; x_wconf 88' lang='lat' dir='ltr'><strong>quod</strong></span> <span class='ocrx_word' id='word_1_195' title='bbox 1157 2411 1340 2491; x_wconf 85' lang='lat' dir='ltr'><strong>mandatum</strong></span> <span class='ocrx_word' id='word_1_196' title='bbox 1356 2426 1425 2491; x_wconf 91' lang='lat' dir='ltr'><strong>dari</strong></span> <span class='ocrx_word' id='word_1_197' title='bbox 1439 2432 1557 2511; x_wconf 93' lang='lat' dir='ltr'><strong>etpro-</strong></span> 
     </span>
     <span class='ocr_line' id='line_1_21' title="bbox 180 2530 1557 2618; baseline 0.008 -25"><span class='ocrx_word' id='word_1_198' title='bbox 180 2554 198 2593; x_wconf 79' lang='grc' dir='ltr'>ι</span> <span class='ocrx_word' id='word_1_199' title='bbox 224 2533 293 2597; x_wconf 88' lang='lat' dir='ltr'><strong>bari</strong></span> <span class='ocrx_word' id='word_1_200' title='bbox 309 2536 414 2615; x_wconf 82' lang='lat' dir='ltr'><strong>potest</strong></span> <span class='ocrx_word' id='word_1_201' title='bbox 428 2549 486 2614; x_wconf 93' lang='lat' dir='ltr'><strong>per</strong></span> <span class='ocrx_word' id='word_1_202' title='bbox 499 2531 608 2597; x_wconf 80' lang='lat' dir='ltr'><strong>literas</strong></span> <span class='ocrx_word' id='word_1_203' title='bbox 621 2548 700 2611; x_wconf 86' lang='lat' dir='ltr'><strong>quas</strong></span> <span class='ocrx_word' id='word_1_204' title='bbox 713 2530 1080 2614; x_wconf 60' lang='lat' dir='ltr'><strong>incantatoresque</strong></span> <span class='ocrx_word' id='word_1_205' title='bbox 1094 2533 1229 2599; x_wconf 90' lang='lat' dir='ltr'><strong>habetur</strong></span> <span class='ocrx_word' id='word_1_206' title='bbox 1243 2551 1337 2617; x_wconf 89' lang='lat' dir='ltr'><strong>supra</strong></span> <span class='ocrx_word' id='word_1_207' title='bbox 1352 2552 1422 2618; x_wconf 89' lang='lat' dir='ltr'><strong>cop.</strong></span> <span class='ocrx_word' id='word_1_208' title='bbox 1435 2536 1557 2604; x_wconf 83' lang='lat' dir='ltr'><em>XVIII</em></span> 
     </span>
     <span class='ocr_line' id='line_1_22' title="bbox 180 2639 717 2722; baseline -0.004 -18"><span class='ocrx_word' id='word_1_209' title='bbox 180 2661 256 2706; x_wconf 78' lang='lat' dir='ltr'><strong>«n</strong></span> <span class='ocrx_word' id='word_1_210' title='bbox 283 2639 343 2719; x_wconf 83' lang='lat'><strong>19,</strong></span> <span class='ocrx_word' id='word_1_211' title='bbox 367 2650 395 2705; x_wconf 82' lang='lat' dir='ltr'><strong>ct</strong></span> <span class='ocrx_word' id='word_1_212' title='bbox 419 2658 488 2722; x_wconf 87' lang='lat' dir='ltr'><strong>cop.</strong></span> <span class='ocrx_word' id='word_1_213' title='bbox 515 2639 613 2705; x_wconf 84' lang='lat' dir='ltr'><strong>XXV</strong></span> <span class='ocrx_word' id='word_1_214' title='bbox 632 2639 717 2703; x_wconf 70' lang='lat' dir='ltr'><strong>ab</strong></span> 
     </span>
    </p>

    <p class='ocr_par' dir='ltr' id='par_1_8' title="bbox 178 2748 1556 3050">
     <span class='ocr_line' id='line_1_23' title="bbox 270 2748 1556 2832; baseline 0.007 -21"><span class='ocrx_word' id='word_1_215' title='bbox 270 2771 288 2811; x_wconf 75' lang='lat' dir='ltr'><strong>e</strong></span> <span class='ocrx_word' id='word_1_216' title='bbox 314 2749 447 2829; x_wconf 78' lang='lat' dir='ltr'><strong>Quando</strong></span> <span class='ocrx_word' id='word_1_217' title='bbox 470 2748 620 2814; x_wconf 84' lang='lat' dir='ltr'><strong>mandans</strong></span> <span class='ocrx_word' id='word_1_218' title='bbox 641 2749 751 2814; x_wconf 89' lang='lat' dir='ltr'><strong>scribit</strong></span> <span class='ocrx_word' id='word_1_219' title='bbox 772 2749 1009 2831; x_wconf 66' lang='lat' dir='ltr'><strong>consponsali,</strong></span> <span class='ocrx_word' id='word_1_220' title='bbox 1024 2754 1062 2814; x_wconf 93' lang='lat' dir='ltr'><strong>ut</strong></span> <span class='ocrx_word' id='word_1_221' title='bbox 1077 2765 1178 2832; x_wconf 80' lang='lat' dir='ltr'><strong>supro</strong></span> <span class='ocrx_word' id='word_1_222' title='bbox 1200 2768 1230 2815; x_wconf 81' lang='lat' dir='ltr'><strong>se</strong></span> <span class='ocrx_word' id='word_1_223' title='bbox 1253 2750 1352 2817; x_wconf 85' lang='lat' dir='ltr'><strong>solvat</strong></span> <span class='ocrx_word' id='word_1_224' title='bbox 1374 2758 1507 2820; x_wconf 90' lang='lat' dir='ltr'><strong>tractam</strong></span> <span class='ocrx_word' id='word_1_225' title='bbox 1522 2760 1556 2821; x_wconf 91' lang='lat' dir='ltr'><strong>et</strong></span> 
     </span>
     <span class='ocr_line' id='line_1_24' title="bbox 178 2856 1556 2944; baseline 0.001 -21"><span class='ocrx_word' id='word_1_226' title='bbox 178 2883 197 2923; x_wconf 76' lang='lat' dir='ltr'><strong>e</strong></span> <span class='ocrx_word' id='word_1_227' title='bbox 223 2860 290 2944; x_wconf 89' lang='lat' dir='ltr'><strong>ipae</strong></span> <span class='ocrx_word' id='word_1_228' title='bbox 306 2878 385 2943; x_wconf 89' lang='lat' dir='ltr'><strong>purc</strong></span> <span class='ocrx_word' id='word_1_229' title='bbox 401 2862 543 2941; x_wconf 86' lang='lat' dir='ltr'><strong>acceptet</strong></span> <span class='ocrx_word' id='word_1_230' title='bbox 558 2858 760 2934; x_wconf 85' lang='lat' dir='ltr'><strong>mandatum,</strong></span> <span class='ocrx_word' id='word_1_231' title='bbox 775 2856 924 2926; x_wconf 84' lang='lat' dir='ltr'><strong>mandam</strong></span> <span class='ocrx_word' id='word_1_232' title='bbox 939 2863 1081 2924; x_wconf 75' lang='lat' dir='ltr'><strong>remanet</strong></span> <span class='ocrx_word' id='word_1_233' title='bbox 1095 2857 1247 2926; x_wconf 90' lang='lat' dir='ltr'><strong>liberatus</strong></span> <span class='ocrx_word' id='word_1_234' title='bbox 1260 2864 1294 2925; x_wconf 90' lang='lat' dir='ltr'><strong>et</strong></span> <span class='ocrx_word' id='word_1_235' title='bbox 1308 2858 1448 2926; x_wconf 85' lang='lat' dir='ltr'><strong>decoctio</strong></span> <span class='ocrx_word' id='word_1_236' title='bbox 1467 2879 1556 2925; x_wconf 89' lang='lat' dir='ltr'><strong>man-</strong></span> 
     </span>
     <span class='ocr_line' id='line_1_25' title="bbox 178 2966 1554 3050; baseline 0.004 -19"><span class='ocrx_word' id='word_1_237' title='bbox 178 2992 197 3031; x_wconf 74' lang='lat' dir='ltr'><strong>e</strong></span> <span class='ocrx_word' id='word_1_238' title='bbox 221 2970 328 3035; x_wconf 85' lang='lat' dir='ltr'><strong>dentis</strong></span> <span class='ocrx_word' id='word_1_239' title='bbox 348 2968 431 3033; x_wconf 87' lang='lat' dir='ltr'><strong>cedit</strong></span> <span class='ocrx_word' id='word_1_240' title='bbox 453 2967 594 3050; x_wconf 87' lang='lat' dir='ltr'><strong>periculo</strong></span> <span class='ocrx_word' id='word_1_241' title='bbox 617 2967 715 3050; x_wconf 84' lang='lat' dir='ltr'><strong>ipsius</strong></span> <span class='ocrx_word' id='word_1_242' title='bbox 736 2968 935 3050; x_wconf 78' lang='lat' dir='ltr'><strong>acceptando,</strong></span> <span class='ocrx_word' id='word_1_243' title='bbox 955 2966 1127 3038; x_wconf 84' lang='lat' dir='ltr'><strong>Sominiat.</strong></span> <span class='ocrx_word' id='word_1_244' title='bbox 1140 2977 1278 3035; x_wconf 84' lang='lat' dir='ltr'><strong>controv.</strong></span> <span class='ocrx_word' id='word_1_245' title='bbox 1296 2967 1359 3034; x_wconf 81' lang='lat'><strong>179</strong></span> <span class='ocrx_word' id='word_1_246' title='bbox 1375 2989 1407 3034; x_wconf 84' lang='lat' dir='ltr'><strong>n.</strong></span> <span class='ocrx_word' id='word_1_247' title='bbox 1422 2966 1444 3032; x_wconf 88' lang='grc'><strong>6</strong></span> <span class='ocrx_word' id='word_1_248' title='bbox 1459 2971 1509 3035; x_wconf 86' lang='lat' dir='ltr'><strong>lib.</strong></span> <span class='ocrx_word' id='word_1_249' title='bbox 1524 2969 1554 3036; x_wconf 93' lang='grc'><strong>2.</strong></span> 
     </span>
    </p>

    <p class='ocr_par' dir='ltr' id='par_1_9' title="bbox 177 3075 1557 3591">
     <span class='ocr_line' id='line_1_26' title="bbox 267 3075 1557 3164; baseline 0.009 -27"><span class='ocrx_word' id='word_1_250' title='bbox 267 3098 285 3137; x_wconf 79' lang='grc' dir='ltr'>ι</span> <span class='ocrx_word' id='word_1_251' title='bbox 312 3075 409 3142; x_wconf 77' lang='lat' dir='ltr'><strong>Aliud</strong></span> <span class='ocrx_word' id='word_1_252' title='bbox 433 3094 507 3141; x_wconf 83' lang='lat' dir='ltr'><strong>uero</strong></span> <span class='ocrx_word' id='word_1_253' title='bbox 528 3079 561 3140; x_wconf 90' lang='lat' dir='ltr'><strong>et</strong></span> <span class='ocrx_word' id='word_1_254' title='bbox 583 3076 711 3141; x_wconf 89' lang='lat' dir='ltr'><strong>omnino</strong></span> <span class='ocrx_word' id='word_1_255' title='bbox 733 3076 892 3141; x_wconf 85' lang='lat' dir='ltr'><strong>diversum</strong></span> <span class='ocrx_word' id='word_1_256' title='bbox 908 3083 957 3143; x_wconf 86' lang='lat' dir='ltr'><strong>est</strong></span> <span class='ocrx_word' id='word_1_257' title='bbox 973 3079 1000 3144; x_wconf 85' lang='lat' dir='ltr'><strong>si</strong></span> <span class='ocrx_word' id='word_1_258' title='bbox 1020 3077 1168 3143; x_wconf 85' lang='lat' dir='ltr'><strong>mandans</strong></span> <span class='ocrx_word' id='word_1_259' title='bbox 1190 3078 1278 3144; x_wconf 87' lang='lat' dir='ltr'><strong>dedit</strong></span> <span class='ocrx_word' id='word_1_260' title='bbox 1299 3081 1482 3146; x_wconf 88' lang='lat' dir='ltr'><strong>mandatum</strong></span> <span class='ocrx_word' id='word_1_261' title='bbox 1498 3101 1557 3164; x_wconf 94' lang='lat' dir='ltr'><strong>pro</strong></span> 
     </span>
     <span class='ocr_line' id='line_1_27' title="bbox 178 3184 1555 3272; baseline 0.009 -28"><span class='ocrx_word' id='word_1_262' title='bbox 178 3207 196 3244; x_wconf 76' lang='lat' dir='ltr'><strong>a</strong></span> <span class='ocrx_word' id='word_1_263' title='bbox 219 3184 377 3272; x_wconf 80' lang='lat' dir='ltr'><strong>solutione</strong></span> <span class='ocrx_word' id='word_1_264' title='bbox 409 3186 546 3259; x_wconf 84' lang='lat' dir='ltr'><strong>tractae,</strong></span> <span class='ocrx_word' id='word_1_265' title='bbox 570 3187 608 3248; x_wconf 91' lang='lat' dir='ltr'><strong>ut</strong></span> <span class='ocrx_word' id='word_1_266' title='bbox 637 3201 731 3267; x_wconf 84' lang='lat' dir='ltr'><strong>supra</strong></span> <span class='ocrx_word' id='word_1_267' title='bbox 753 3203 786 3250; x_wconf 86' lang='lat' dir='ltr'><strong>se</strong></span> <span class='ocrx_word' id='word_1_268' title='bbox 810 3185 876 3268; x_wconf 85' lang='lat' dir='ltr'><strong>ipso</strong></span> <span class='ocrx_word' id='word_1_269' title='bbox 908 3187 1077 3254; x_wconf 86' lang='lat' dir='ltr'><strong>mandante</strong></span> <span class='ocrx_word' id='word_1_270' title='bbox 1101 3186 1315 3254; x_wconf 76' lang='lat' dir='ltr'><strong>mandatarius</strong></span> <span class='ocrx_word' id='word_1_271' title='bbox 1337 3206 1369 3253; x_wconf 85' lang='lat' dir='ltr'><strong>se</strong></span> <span class='ocrx_word' id='word_1_272' title='bbox 1401 3190 1555 3257; x_wconf 77' lang='lat' dir='ltr'><strong>recoleret</strong></span> 
     </span>
     <span class='ocr_line' id='line_1_28' title="bbox 178 3291 1554 3381; baseline 0.009 -30"><span class='ocrx_word' id='word_1_273' title='bbox 178 3312 197 3351; x_wconf 74' lang='lat' dir='ltr'><strong>a</strong></span> <span class='ocrx_word' id='word_1_274' title='bbox 221 3309 278 3373; x_wconf 88' lang='lat' dir='ltr'><strong>per</strong></span> <span class='ocrx_word' id='word_1_275' title='bbox 304 3291 354 3356; x_wconf 90' lang='lat' dir='ltr'><strong>illa</strong></span> <span class='ocrx_word' id='word_1_276' title='bbox 378 3292 469 3357; x_wconf 82' lang='lat' dir='ltr'><strong>rerba</strong></span> <span class='ocrx_word' id='word_1_277' title='bbox 494 3313 512 3351; x_wconf 75' lang='grc' dir='ltr'><strong><em>α</em></strong></span> <span class='ocrx_word' id='word_1_278' title='bbox 538 3308 553 3352; x_wconf 86' lang='lat' dir='ltr'><strong>c</strong></span> <span class='ocrx_word' id='word_1_279' title='bbox 575 3292 738 3358; x_wconf 81' lang='lat' dir='ltr'><strong>colerocnc</strong></span> <span class='ocrx_word' id='word_1_280' title='bbox 769 3311 866 3374; x_wconf 82' lang='lat' dir='ltr'><strong>sopra</strong></span> <span class='ocrx_word' id='word_1_281' title='bbox 889 3293 923 3364; x_wconf 86' lang='lat' dir='ltr'><strong>dt</strong></span> <span class='ocrx_word' id='word_1_282' title='bbox 946 3297 1018 3373; x_wconf 82' lang='lat' dir='ltr'><strong>noi,</strong></span> <span class='ocrx_word' id='word_1_283' title='bbox 1043 3317 1061 3355; x_wconf 80' lang='lat' dir='ltr'><strong>n</strong></span> <span class='ocrx_word' id='word_1_284' title='bbox 1083 3301 1117 3360; x_wconf 91' lang='lat' dir='ltr'><strong>et</strong></span> <span class='ocrx_word' id='word_1_285' title='bbox 1139 3296 1352 3362; x_wconf 85' lang='lat' dir='ltr'><strong>mandatarius</strong></span> <span class='ocrx_word' id='word_1_286' title='bbox 1382 3301 1554 3381; x_wconf 86' lang='lat' dir='ltr'><strong>acceptarit</strong></span> 
     </span>
     <span class='ocr_line' id='line_1_29' title="bbox 178 3399 1554 3470; baseline 0.008 -11"><span class='ocrx_word' id='word_1_287' title='bbox 178 3421 196 3459; x_wconf 72' lang='lat' dir='ltr'><strong>a</strong></span> <span class='ocrx_word' id='word_1_288' title='bbox 221 3399 408 3466; x_wconf 87' lang='lat' dir='ltr'><strong>mundatum</strong></span> <span class='ocrx_word' id='word_1_289' title='bbox 431 3400 568 3468; x_wconf 86' lang='lat' dir='ltr'><strong>solvendi</strong></span> <span class='ocrx_word' id='word_1_290' title='bbox 591 3405 724 3468; x_wconf 88' lang='lat' dir='ltr'><strong>tractam</strong></span> <span class='ocrx_word' id='word_1_291' title='bbox 749 3403 853 3468; x_wconf 89' lang='lat' dir='ltr'><strong>animo</strong></span> <span class='ocrx_word' id='word_1_292' title='bbox 875 3420 908 3468; x_wconf 84' lang='lat' dir='ltr'><strong>se</strong></span> <span class='ocrx_word' id='word_1_293' title='bbox 932 3402 1086 3468; x_wconf 82' lang='lat' dir='ltr'><strong>revalendi</strong></span> <span class='ocrx_word' id='word_1_294' title='bbox 1109 3422 1127 3468; x_wconf 87' lang='lat' dir='ltr'><strong>a</strong></span> <span class='ocrx_word' id='word_1_295' title='bbox 1149 3403 1234 3469; x_wconf 93' lang='lat' dir='ltr'><strong>dicto</strong></span> <span class='ocrx_word' id='word_1_296' title='bbox 1256 3404 1423 3470; x_wconf 88' lang='lat' dir='ltr'><strong>mandante</strong></span> <span class='ocrx_word' id='word_1_297' title='bbox 1444 3405 1483 3469; x_wconf 89' lang='lat' dir='ltr'><strong>ad</strong></span> <span class='ocrx_word' id='word_1_298' title='bbox 1508 3411 1554 3470; x_wconf 88' lang='lat' dir='ltr'><strong>te-</strong></span> 
     </span>
     <span class='ocr_line' id='line_1_30' title="bbox 177 3509 1068 3591; baseline 0.007 -23"><span class='ocrx_word' id='word_1_299' title='bbox 177 3531 196 3568; x_wconf 76' lang='lat' dir='ltr'><strong>a</strong></span> <span class='ocrx_word' id='word_1_300' title='bbox 220 3527 332 3574; x_wconf 90' lang='lat' dir='ltr'><strong>norem</strong></span> <span class='ocrx_word' id='word_1_301' title='bbox 355 3509 568 3591; x_wconf 82' lang='lat' dir='ltr'><strong>promissionis</strong></span> <span class='ocrx_word' id='word_1_302' title='bbox 589 3511 628 3575; x_wconf 90' lang='lat' dir='ltr'><strong>ab</strong></span> <span class='ocrx_word' id='word_1_303' title='bbox 650 3528 689 3575; x_wconf 93' lang='lat' dir='ltr'><strong>eo</strong></span> <span class='ocrx_word' id='word_1_304' title='bbox 711 3510 827 3589; x_wconf 88' lang='lat' dir='ltr'><strong>laetae,</strong></span> <span class='ocrx_word' id='word_1_305' title='bbox 849 3511 961 3576; x_wconf 84' lang='lat' dir='ltr'><strong>ibidem</strong></span> <span class='ocrx_word' id='word_1_306' title='bbox 984 3530 1016 3578; x_wconf 83' lang='lat' dir='ltr'><strong>n.</strong></span> <span class='ocrx_word' id='word_1_307' title='bbox 1038 3510 1068 3575; x_wconf 87' lang='grc'><strong>7.</strong></span> 
     </span>
    </p>

    <p class='ocr_par' dir='ltr' id='par_1_10' title="bbox 177 3618 1553 3902">
     <span class='ocr_line' id='line_1_31' title="bbox 269 3618 1552 3704; baseline 0 -22"><span class='ocrx_word' id='word_1_308' title='bbox 269 3644 287 3682; x_wconf 77' lang='lat' dir='ltr'><strong>e</strong></span> <span class='ocrx_word' id='word_1_309' title='bbox 313 3618 376 3698; x_wconf 88' lang='lat' dir='ltr'><strong>Qui</strong></span> <span class='ocrx_word' id='word_1_310' title='bbox 398 3620 571 3701; x_wconf 87' lang='lat' dir='ltr'><strong>acceptarit</strong></span> <span class='ocrx_word' id='word_1_311' title='bbox 586 3619 770 3687; x_wconf 90' lang='lat' dir='ltr'><strong>mandatum</strong></span> <span class='ocrx_word' id='word_1_312' title='bbox 792 3620 831 3685; x_wconf 91' lang='lat' dir='ltr'><strong>dc</strong></span> <span class='ocrx_word' id='word_1_313' title='bbox 854 3619 1000 3684; x_wconf 84' lang='lat' dir='ltr'><strong>solvendo</strong></span> <span class='ocrx_word' id='word_1_314' title='bbox 1023 3623 1156 3686; x_wconf 89' lang='lat' dir='ltr'><strong>tractam</strong></span> <span class='ocrx_word' id='word_1_315' title='bbox 1178 3637 1211 3688; x_wconf 83' lang='lat' dir='ltr'><strong>sc</strong></span> <span class='ocrx_word' id='word_1_316' title='bbox 1233 3618 1384 3704; x_wconf 77' lang='lat' dir='ltr'><strong>obligasse</strong></span> <span class='ocrx_word' id='word_1_317' title='bbox 1406 3624 1552 3683; x_wconf 84' lang='lat' dir='ltr'><strong>censetur</strong></span> 
     </span>
     <span class='ocr_line' id='line_1_32' title="bbox 177 3724 1553 3806; baseline -0.002 -16"><span class='ocrx_word' id='word_1_318' title='bbox 177 3751 197 3790; x_wconf 75' lang='lat' dir='ltr'><strong>a</strong></span> <span class='ocrx_word' id='word_1_319' title='bbox 222 3747 299 3795; x_wconf 91' lang='lat' dir='ltr'><strong>cnm</strong></span> <span class='ocrx_word' id='word_1_320' title='bbox 321 3729 426 3796; x_wconf 88' lang='lat' dir='ltr'><strong>animo</strong></span> <span class='ocrx_word' id='word_1_321' title='bbox 448 3745 480 3791; x_wconf 85' lang='lat' dir='ltr'><strong>se</strong></span> <span class='ocrx_word' id='word_1_322' title='bbox 503 3727 658 3793; x_wconf 83' lang='lat' dir='ltr'><strong>relevandi</strong></span> <span class='ocrx_word' id='word_1_323' title='bbox 682 3747 701 3792; x_wconf 84' lang='lat' dir='ltr'><strong>a</strong></span> <span class='ocrx_word' id='word_1_324' title='bbox 723 3727 909 3802; x_wconf 90' lang='lat' dir='ltr'><strong>mandante,</strong></span> <span class='ocrx_word' id='word_1_325' title='bbox 924 3732 959 3793; x_wconf 90' lang='lat' dir='ltr'><strong>et</strong></span> <span class='ocrx_word' id='word_1_326' title='bbox 981 3733 1031 3793; x_wconf 84' lang='lat' dir='ltr'><strong>est</strong></span> <span class='ocrx_word' id='word_1_327' title='bbox 1052 3727 1189 3792; x_wconf 92' lang='lat' dir='ltr'><strong>conditio</strong></span> <span class='ocrx_word' id='word_1_328' title='bbox 1212 3726 1278 3793; x_wconf 88' lang='lat' dir='ltr'><strong>sinc</strong></span> <span class='ocrx_word' id='word_1_329' title='bbox 1300 3743 1362 3806; x_wconf 87' lang='lat' dir='ltr'><strong>qua</strong></span> <span class='ocrx_word' id='word_1_330' title='bbox 1387 3743 1467 3804; x_wconf 87' lang='lat' dir='ltr'><strong>non,</strong></span> <span class='ocrx_word' id='word_1_331' title='bbox 1483 3724 1553 3788; x_wconf 81' lang='lat' dir='ltr'><strong>ibid.</strong></span> 
     </span>
     <span class='ocr_line' id='line_1_33' title="bbox 177 3833 367 3902; baseline 0.016 -5"><span class='ocrx_word' id='word_1_332' title='bbox 177 3859 197 3897; x_wconf 74' lang='lat' dir='ltr'><strong>u</strong></span> <span class='ocrx_word' id='word_1_333' title='bbox 221 3854 315 3902; x_wconf 75' lang='lat' dir='ltr'><strong>tium.</strong></span> <span class='ocrx_word' id='word_1_334' title='bbox 336 3833 367 3900; x_wconf 88' lang='lat'><strong>8.</strong></span> 
     </span>
    </p>

    <p class='ocr_par' dir='ltr' id='par_1_11' title="bbox 178 3941 1552 4133">
     <span class='ocr_line' id='line_1_34' title="bbox 268 3941 1552 4026; baseline 0.005 -24"><span class='ocrx_word' id='word_1_335' title='bbox 268 3963 287 4002; x_wconf 70' lang='lat' dir='ltr'><strong>a</strong></span> <span class='ocrx_word' id='word_1_336' title='bbox 314 3941 578 4009; x_wconf 84' lang='lat' dir='ltr'><strong>blandatariussi</strong></span> <span class='ocrx_word' id='word_1_337' title='bbox 609 3942 768 4010; x_wconf 77' lang='lat' dir='ltr'><strong>habuisset</strong></span> <span class='ocrx_word' id='word_1_338' title='bbox 799 3946 943 4010; x_wconf 88' lang='lat' dir='ltr'><strong>notitiam</strong></span> <span class='ocrx_word' id='word_1_339' title='bbox 975 3948 1115 4011; x_wconf 77' lang='lat' dir='ltr'><strong>mutaue</strong></span> <span class='ocrx_word' id='word_1_340' title='bbox 1145 3943 1331 4010; x_wconf 87' lang='lat' dir='ltr'><strong>conditionis</strong></span> <span class='ocrx_word' id='word_1_341' title='bbox 1360 3944 1392 4008; x_wconf 90' lang='lat' dir='ltr'><strong>in</strong></span> <span class='ocrx_word' id='word_1_342' title='bbox 1423 3960 1552 4026; x_wconf 88' lang='lat' dir='ltr'><strong>persona</strong></span> 
     </span>
     <span class='ocr_line' id='line_1_35' title="bbox 178 4048 1118 4133; baseline 0.007 -24"><span class='ocrx_word' id='word_1_343' title='bbox 178 4072 196 4109; x_wconf 76' lang='lat' dir='ltr'><strong>n</strong></span> <span class='ocrx_word' id='word_1_344' title='bbox 220 4048 398 4115; x_wconf 89' lang='lat' dir='ltr'><strong>mandantis</strong></span> <span class='ocrx_word' id='word_1_345' title='bbox 420 4067 482 4114; x_wconf 93' lang='lat' dir='ltr'><strong>non</strong></span> <span class='ocrx_word' id='word_1_346' title='bbox 504 4056 695 4133; x_wconf 81' lang='lat' dir='ltr'><strong>acceptasset</strong></span> <span class='ocrx_word' id='word_1_347' title='bbox 717 4052 918 4132; x_wconf 89' lang='lat' dir='ltr'><strong>mandatum,</strong></span> <span class='ocrx_word' id='word_1_348' title='bbox 942 4055 1012 4119; x_wconf 83' lang='lat' dir='ltr'><strong>idid</strong></span> <span class='ocrx_word' id='word_1_349' title='bbox 1035 4073 1066 4118; x_wconf 88' lang='lat' dir='ltr'><strong>n.</strong></span> <span class='ocrx_word' id='word_1_350' title='bbox 1088 4052 1118 4116; x_wconf 87' lang='grc'><strong>9.</strong></span> 
     </span>
    </p>

    <p class='ocr_par' dir='ltr' id='par_1_12' title="bbox 177 4157 1551 4444">
     <span class='ocr_line' id='line_1_36' title="bbox 269 4157 1551 4244; baseline 0.006 -27"><span class='ocrx_word' id='word_1_351' title='bbox 269 4178 288 4217; x_wconf 71' lang='lat' dir='ltr'><strong>a</strong></span> <span class='ocrx_word' id='word_1_352' title='bbox 313 4157 446 4237; x_wconf 87' lang='lat' dir='ltr'><strong>Quando</strong></span> <span class='ocrx_word' id='word_1_353' title='bbox 468 4158 540 4241; x_wconf 72' lang='lat' dir='ltr'><strong>qun</strong></span> <span class='ocrx_word' id='word_1_354' title='bbox 561 4165 703 4244; x_wconf 91' lang='lat' dir='ltr'><strong>acceptat</strong></span> <span class='ocrx_word' id='word_1_355' title='bbox 733 4178 813 4242; x_wconf 87' lang='lat' dir='ltr'><strong>pure</strong></span> <span class='ocrx_word' id='word_1_356' title='bbox 834 4167 868 4226; x_wconf 92' lang='lat' dir='ltr'><strong>et</strong></span> <span class='ocrx_word' id='word_1_357' title='bbox 889 4162 1006 4243; x_wconf 84' lang='lat' dir='ltr'><strong>absque</strong></span> <span class='ocrx_word' id='word_1_358' title='bbox 1028 4164 1172 4243; x_wconf 85' lang='lat' dir='ltr'><strong>proteetu</strong></span> <span class='ocrx_word' id='word_1_359' title='bbox 1203 4160 1384 4226; x_wconf 89' lang='lat' dir='ltr'><strong>mandatum</strong></span> <span class='ocrx_word' id='word_1_360' title='bbox 1416 4162 1551 4228; x_wconf 84' lang='lat' dir='ltr'><strong>solvendi</strong></span> 
     </span>
     <span class='ocr_line' id='line_1_37' title="bbox 177 4268 1551 4358; baseline 0.005 -29"><span class='ocrx_word' id='word_1_361' title='bbox 177 4292 195 4329; x_wconf 75' lang='lat' dir='ltr'><strong>a</strong></span> <span class='ocrx_word' id='word_1_362' title='bbox 220 4270 252 4334; x_wconf 92' lang='lat' dir='ltr'><strong>iu</strong></span> <span class='ocrx_word' id='word_1_363' title='bbox 275 4274 458 4350; x_wconf 87' lang='lat' dir='ltr'><strong>compotum</strong></span> <span class='ocrx_word' id='word_1_364' title='bbox 484 4270 590 4347; x_wconf 85' lang='lat' dir='ltr'><strong>tertii,</strong></span> <span class='ocrx_word' id='word_1_365' title='bbox 613 4268 708 4352; x_wconf 85' lang='lat' dir='ltr'><strong>bajus</strong></span> <span class='ocrx_word' id='word_1_366' title='bbox 729 4270 868 4358; x_wconf 86' lang='lat' dir='ltr'><strong>decoctio</strong></span> <span class='ocrx_word' id='word_1_367' title='bbox 891 4272 976 4337; x_wconf 91' lang='lat' dir='ltr'><strong>cedit</strong></span> <span class='ocrx_word' id='word_1_368' title='bbox 997 4273 1065 4355; x_wconf 82' lang='lat' dir='ltr'><strong>ejus</strong></span> <span class='ocrx_word' id='word_1_369' title='bbox 1086 4270 1244 4353; x_wconf 84' lang='lat' dir='ltr'><strong>periculo,</strong></span> <span class='ocrx_word' id='word_1_370' title='bbox 1267 4272 1345 4336; x_wconf 84' lang='lat' dir='ltr'><strong>tdcm</strong></span> <span class='ocrx_word' id='word_1_371' title='bbox 1381 4271 1551 4338; x_wconf 81' lang='lat' dir='ltr'><strong>Somtniot</strong></span> 
     </span>
     <span class='ocr_line' id='line_1_38' title="bbox 177 4372 673 4444; baseline 0.012 -8"><span class='ocrx_word' id='word_1_372' title='bbox 177 4397 196 4436; x_wconf 77' lang='lat' dir='ltr'><strong>e</strong></span> <span class='ocrx_word' id='word_1_373' title='bbox 219 4384 361 4440; x_wconf 75' lang='lat' dir='ltr'><strong>centron</strong></span> <span class='ocrx_word' id='word_1_374' title='bbox 387 4372 450 4439; x_wconf 81' lang='lat'><strong>180</strong></span> <span class='ocrx_word' id='word_1_375' title='bbox 472 4395 504 4440; x_wconf 80' lang='lat' dir='ltr'><strong>a.</strong></span> <span class='ocrx_word' id='word_1_376' title='bbox 530 4375 545 4439; x_wconf 90' lang='lat'>1</span> <span class='ocrx_word' id='word_1_377' title='bbox 571 4378 620 4444; x_wconf 78' lang='lat' dir='ltr'><strong>tit.</strong></span> <span class='ocrx_word' id='word_1_378' title='bbox 643 4376 673 4442; x_wconf 85' lang='grc'><strong>2.</strong></span> 
     </span>
    </p>

    <p class='ocr_par' dir='ltr' id='par_1_13' title="bbox 176 4486 1551 4666">
     <span class='ocr_line' id='line_1_39' title="bbox 266 4486 1551 4573; baseline 0.007 -28"><span class='ocrx_word' id='word_1_379' title='bbox 266 4504 285 4544; x_wconf 84' lang='lat' dir='ltr'><strong>r</strong></span> <span class='ocrx_word' id='word_1_380' title='bbox 312 4486 487 4566; x_wconf 81' lang='lat' dir='ltr'><strong>Acceptum</strong></span> <span class='ocrx_word' id='word_1_381' title='bbox 507 4502 583 4551; x_wconf 90' lang='lat' dir='ltr'><strong>cum</strong></span> <span class='ocrx_word' id='word_1_382' title='bbox 604 4491 747 4570; x_wconf 84' lang='lat' dir='ltr'><strong>proteatu</strong></span> <span class='ocrx_word' id='word_1_383' title='bbox 772 4491 888 4558; x_wconf 69' lang='lat' dir='ltr'><strong>munet</strong></span> <span class='ocrx_word' id='word_1_384' title='bbox 910 4489 1085 4573; x_wconf 88' lang='lat' dir='ltr'><strong>obligatum</strong></span> <span class='ocrx_word' id='word_1_385' title='bbox 1105 4489 1324 4569; x_wconf 73' lang='lat' dir='ltr'><strong>mandantem,</strong></span> <span class='ocrx_word' id='word_1_386' title='bbox 1340 4490 1411 4555; x_wconf 82' lang='lat' dir='ltr'><strong>ibid</strong></span> <span class='ocrx_word' id='word_1_387' title='bbox 1426 4490 1551 4556; x_wconf 82' lang='lat' dir='ltr'><strong>num.2</strong></span> 
     </span>
     <span class='ocr_line' id='line_1_40' title="bbox 176 4587 1292 4666; baseline 0.017 -19"><span class='ocrx_word' id='word_1_388' title='bbox 176 4609 196 4647; x_wconf 75' lang='lat' dir='ltr'><strong>a</strong></span> <span class='ocrx_word' id='word_1_389' title='bbox 221 4598 248 4654; x_wconf 80' lang='lat' dir='ltr'><strong>ct</strong></span> <span class='ocrx_word' id='word_1_390' title='bbox 274 4587 324 4656; x_wconf 82' lang='grc'><strong>16.</strong></span> <span class='ocrx_word' id='word_1_391' title='bbox 1288 4657 1292 4666; x_wconf 96' lang='grc'><strong>.</strong></span> 
     </span>
    </p>

    <p class='ocr_par' dir='ltr' id='par_1_14' title="bbox 176 4699 1552 4901">
     <span class='ocr_line' id='line_1_41' title="bbox 265 4699 1551 4788; baseline 0.01 -29"><span class='ocrx_word' id='word_1_392' title='bbox 265 4721 282 4759; x_wconf 75' lang='lat' dir='ltr'><strong>a</strong></span> <span class='ocrx_word' id='word_1_393' title='bbox 311 4699 497 4766; x_wconf 83' lang='lat' dir='ltr'><strong>Mandatum</strong></span> <span class='ocrx_word' id='word_1_394' title='bbox 520 4703 559 4767; x_wconf 96' lang='lat' dir='ltr'><strong>de</strong></span> <span class='ocrx_word' id='word_1_395' title='bbox 582 4705 727 4770; x_wconf 86' lang='lat' dir='ltr'><strong>solvendo</strong></span> <span class='ocrx_word' id='word_1_396' title='bbox 749 4705 857 4771; x_wconf 86' lang='lat' dir='ltr'><strong>dillert</strong></span> <span class='ocrx_word' id='word_1_397' title='bbox 878 4725 895 4770; x_wconf 91' lang='lat' dir='ltr'><strong>a</strong></span> <span class='ocrx_word' id='word_1_398' title='bbox 920 4708 1126 4788; x_wconf 79' lang='lat' dir='ltr'><strong>promissione</strong></span> <span class='ocrx_word' id='word_1_399' title='bbox 1149 4708 1188 4773; x_wconf 93' lang='lat' dir='ltr'><strong>de</strong></span> <span class='ocrx_word' id='word_1_400' title='bbox 1211 4709 1349 4776; x_wconf 87' lang='lat' dir='ltr'><strong>laciendo</strong></span> <span class='ocrx_word' id='word_1_401' title='bbox 1371 4709 1478 4776; x_wconf 77' lang='lat' dir='ltr'><strong>literae</strong></span> <span class='ocrx_word' id='word_1_402' title='bbox 1499 4727 1551 4773; x_wconf 87' lang='lat' dir='ltr'><strong>ac·</strong></span> 
     </span>
     <span class='ocr_line' id='line_1_42' title="bbox 176 4809 1552 4901; baseline 0.01 -35"><span class='ocrx_word' id='word_1_403' title='bbox 176 4826 196 4866; x_wconf 74' lang='lat' dir='ltr'><strong>a</strong></span> <span class='ocrx_word' id='word_1_404' title='bbox 221 4810 360 4891; x_wconf 84' lang='lat' dir='ltr'><strong>cepturi,</strong></span> <span class='ocrx_word' id='word_1_405' title='bbox 386 4809 556 4876; x_wconf 80' lang='lat' dir='ltr'><strong>Sourintot.</strong></span> <span class='ocrx_word' id='word_1_406' title='bbox 589 4823 726 4878; x_wconf 83' lang='lat' dir='ltr'><strong>controv.</strong></span> <span class='ocrx_word' id='word_1_407' title='bbox 761 4811 824 4876; x_wconf 83' lang='grc'><strong>182</strong></span> <span class='ocrx_word' id='word_1_408' title='bbox 847 4834 878 4877; x_wconf 87' lang='lat' dir='ltr'><strong>n.</strong></span> <span class='ocrx_word' id='word_1_409' title='bbox 904 4812 945 4878; x_wconf 87' lang='grc'><strong>18</strong></span> <span class='ocrx_word' id='word_1_410' title='bbox 977 4816 1027 4881; x_wconf 84' lang='lat' dir='ltr'><strong>lib.</strong></span> <span class='ocrx_word' id='word_1_411' title='bbox 1051 4816 1080 4881; x_wconf 89' lang='grc'><strong>2.</strong></span> <span class='ocrx_word' id='word_1_412' title='bbox 1103 4818 1138 4884; x_wconf 94' lang='lat' dir='ltr'><strong>ld</strong></span> <span class='ocrx_word' id='word_1_413' title='bbox 1162 4818 1246 4882; x_wconf 88' lang='lat' dir='ltr'><strong>enim</strong></span> <span class='ocrx_word' id='word_1_414' title='bbox 1269 4835 1392 4901; x_wconf 85' lang='lat' dir='ltr'><strong>semper</strong></span> <span class='ocrx_word' id='word_1_415' title='bbox 1412 4817 1552 4882; x_wconf 91' lang='lat' dir='ltr'><strong>continet</strong></span> 
     </span>
    </p>
   </div>
   <div class='ocr_carea' id='block_1_3' title="bbox 0 0 1872 5750">
    <p class='ocr_par' dir='ltr' id='par_1_15' title="bbox 0 0 1872 5750">
     <span class='ocr_line' id='line_1_43' title="bbox 0 0 1872 5750; baseline 0 2"><span class='ocrx_word' id='word_1_416' title='bbox 0 0 1872 5750; x_wconf 95' lang='lat' dir='ltr'><strong> </strong></span> 
     </span>
    </p>
   </div>
  </div>
 </body>
</html>
