<?xml version="1.0" encoding="UTF-8"?>
<!DOCTYPE html PUBLIC "-//W3C//DTD XHTML 1.0 Transitional//EN"
    "http://www.w3.org/TR/xhtml1/DTD/xhtml1-transitional.dtd">
<html xmlns="http://www.w3.org/1999/xhtml" xml:lang="en" lang="en">
 <head>
  <title>
</title>
<meta http-equiv="Content-Type" content="text/html;charset=utf-8" />
  <meta name='ocr-system' content='tesseract 3.04.00' />
  <meta name='ocr-capabilities' content='ocr_page ocr_carea ocr_par ocr_line ocrx_word'/>
</head>
<body>
  <div class='ocr_page' id='page_1' title='image "./tractatusdeproc00cencgoog_0583.png"; bbox 0 0 3734 5750; ppageno 0'>
   <div class='ocr_carea' id='block_1_1' title="bbox 532 269 1558 345">
    <p class='ocr_par' dir='ltr' id='par_1_1' title="bbox 532 269 1558 345">
     <span class='ocr_line' id='line_1_1' title="bbox 532 269 1558 345; baseline -0.006 -3"><span class='ocrx_word' id='word_1_1' title='bbox 532 272 586 345; x_wconf 73' lang='lat' dir='ltr'><strong>be</strong></span> <span class='ocrx_word' id='word_1_2' title='bbox 610 272 997 342; x_wconf 81' lang='lat' dir='ltr'><strong>PROCURATORIBUS.</strong></span> <span class='ocrx_word' id='word_1_3' title='bbox 1020 274 1110 339; x_wconf 76' lang='lat' dir='ltr'>CAP.</span> <span class='ocrx_word' id='word_1_4' title='bbox 1133 273 1213 338; x_wconf 88' lang='lat' dir='ltr'><strong>CVl.</strong></span> <span class='ocrx_word' id='word_1_5' title='bbox 1266 323 1268 325; x_wconf 83' lang='lat'>-</span> <span class='ocrx_word' id='word_1_6' title='bbox 1494 269 1558 337; x_wconf 74' lang='lat'><strong>565</strong></span> 
     </span>
    </p>
   </div>
   <div class='ocr_carea' id='block_1_2' title="bbox 183 442 1565 2134">
    <p class='ocr_par' dir='ltr' id='par_1_2' title="bbox 183 442 1560 642">
     <span class='ocr_line' id='line_1_2' title="bbox 272 442 1560 532; baseline -0.009 -17"><span class='ocrx_word' id='word_1_7' title='bbox 272 466 291 515; x_wconf 76' lang='lat' dir='ltr'><strong>o</strong></span> <span class='ocrx_word' id='word_1_8' title='bbox 317 452 364 518; x_wconf 85' lang='lat' dir='ltr'><strong>lta</strong></span> <span class='ocrx_word' id='word_1_9' title='bbox 388 456 425 516; x_wconf 85' lang='lat' dir='ltr'><strong>nt</strong></span> <span class='ocrx_word' id='word_1_10' title='bbox 448 455 599 532; x_wconf 88' lang='lat' dir='ltr'><strong>operetur</strong></span> <span class='ocrx_word' id='word_1_11' title='bbox 622 445 815 511; x_wconf 74' lang='lat' dir='ltr'>validitatem</span> <span class='ocrx_word' id='word_1_12' title='bbox 839 462 898 508; x_wconf 88' lang='lat' dir='ltr'><strong>non</strong></span> <span class='ocrx_word' id='word_1_13' title='bbox 921 461 963 508; x_wconf 82' lang='lat' dir='ltr'><strong>ox</strong></span> <span class='ocrx_word' id='word_1_14' title='bbox 989 448 1075 518; x_wconf 71' lang='lat' dir='ltr'><strong>tuno</strong></span> <span class='ocrx_word' id='word_1_15' title='bbox 1097 442 1149 507; x_wconf 82' lang='lat' dir='ltr'><strong>red</strong></span> <span class='ocrx_word' id='word_1_16' title='bbox 1172 460 1212 506; x_wconf 78' lang='lat' dir='ltr'><strong>ex</strong></span> <span class='ocrx_word' id='word_1_17' title='bbox 1237 460 1331 521; x_wconf 85' lang='lat' dir='ltr'><strong>nunc,</strong></span> <span class='ocrx_word' id='word_1_18' title='bbox 1350 442 1491 505; x_wconf 74' lang='lat' dir='ltr'><strong>licoat.</strong></span> <span class='ocrx_word' id='word_1_19' title='bbox 1505 442 1560 505; x_wconf 79' lang='lat' dir='ltr'><strong>obi</strong></span> 
     </span>
     <span class='ocr_line' id='line_1_3' title="bbox 183 546 1390 642; baseline -0.007 -21"><span class='ocrx_word' id='word_1_20' title='bbox 183 576 202 621; x_wconf 81' lang='lat' dir='ltr'><strong>rr</strong></span> <span class='ocrx_word' id='word_1_21' title='bbox 228 578 329 642; x_wconf 83' lang='lat' dir='ltr'><strong>supra</strong></span> <span class='ocrx_word' id='word_1_22' title='bbox 353 579 383 623; x_wconf 80' lang='lat' dir='ltr'><strong>rr.</strong></span> <span class='ocrx_word' id='word_1_23' title='bbox 410 558 469 636; x_wconf 84' lang='lat'><strong>15,</strong></span> <span class='ocrx_word' id='word_1_24' title='bbox 495 556 590 623; x_wconf 82' lang='lat' dir='ltr'><strong>Cerri.</strong></span> <span class='ocrx_word' id='word_1_25' title='bbox 612 558 649 619; x_wconf 79' lang='grc' dir='ltr'><strong>αα</strong></span> <span class='ocrx_word' id='word_1_26' title='bbox 673 555 750 618; x_wconf 82' lang='grc' dir='ltr'><strong>1αν.</strong></span> <span class='ocrx_word' id='word_1_27' title='bbox 773 552 937 616; x_wconf 81' lang='lat' dir='ltr'><strong>decredit.</strong></span> <span class='ocrx_word' id='word_1_28' title='bbox 960 563 987 616; x_wconf 83' lang='lat' dir='ltr'><strong>et</strong></span> <span class='ocrx_word' id='word_1_29' title='bbox 1011 552 1098 615; x_wconf 81' lang='lat' dir='ltr'><strong>debit.</strong></span> <span class='ocrx_word' id='word_1_30' title='bbox 1121 551 1196 614; x_wconf 80' lang='lat' dir='ltr'><strong>dire.</strong></span> <span class='ocrx_word' id='word_1_31' title='bbox 1220 546 1261 612; x_wconf 87' lang='grc'><strong>13</strong></span> <span class='ocrx_word' id='word_1_32' title='bbox 1284 570 1317 617; x_wconf 80' lang='lat' dir='ltr'><strong>rr.</strong></span> <span class='ocrx_word' id='word_1_33' title='bbox 1340 549 1390 614; x_wconf 88' lang='grc'>19.</span> 
     </span>
    </p>

    <p class='ocr_par' dir='ltr' id='par_1_3' title="bbox 185 660 1563 1614">
     <span class='ocr_line' id='line_1_4' title="bbox 274 660 1560 746; baseline -0.005 -18"><span class='ocrx_word' id='word_1_34' title='bbox 274 689 291 728; x_wconf 84' lang='lat' dir='ltr'><strong>r</strong></span> <span class='ocrx_word' id='word_1_35' title='bbox 316 665 479 746; x_wconf 82' lang='lat' dir='ltr'>Quidquid</span> <span class='ocrx_word' id='word_1_36' title='bbox 502 669 609 728; x_wconf 86' lang='lat' dir='ltr'><strong>autem</strong></span> <span class='ocrx_word' id='word_1_37' title='bbox 632 663 674 727; x_wconf 88' lang='lat' dir='ltr'><strong>sit</strong></span> <span class='ocrx_word' id='word_1_38' title='bbox 696 663 778 725; x_wconf 88' lang='lat' dir='ltr'><strong>circa</strong></span> <span class='ocrx_word' id='word_1_39' title='bbox 802 660 1030 742; x_wconf 74' lang='lat' dir='ltr'><strong>praejudicium</strong></span> <span class='ocrx_word' id='word_1_40' title='bbox 1057 660 1144 723; x_wconf 86' lang='lat' dir='ltr'><strong>tertii</strong></span> <span class='ocrx_word' id='word_1_41' title='bbox 1167 660 1223 737; x_wconf 83' lang='lat' dir='ltr'><strong>qui</strong></span> <span class='ocrx_word' id='word_1_42' title='bbox 1237 661 1340 724; x_wconf 87' lang='lat' dir='ltr'><strong>medio</strong></span> <span class='ocrx_word' id='word_1_43' title='bbox 1356 665 1497 741; x_wconf 85' lang='lat' dir='ltr'><strong>tempore</strong></span> <span class='ocrx_word' id='word_1_44' title='bbox 1510 660 1560 741; x_wconf 88' lang='lat' dir='ltr'><strong>jus</strong></span> 
     </span>
     <span class='ocr_line' id='line_1_5' title="bbox 185 767 1560 855; baseline -0.002 -22"><span class='ocrx_word' id='word_1_45' title='bbox 185 796 203 833; x_wconf 76' lang='lat' dir='ltr'><strong>r</strong></span> <span class='ocrx_word' id='word_1_46' title='bbox 229 775 401 854; x_wconf 78' lang='lat' dir='ltr'><strong>qnaesivit,</strong></span> <span class='ocrx_word' id='word_1_47' title='bbox 432 790 496 855; x_wconf 88' lang='lat' dir='ltr'><strong>quo</strong></span> <span class='ocrx_word' id='word_1_48' title='bbox 527 790 600 837; x_wconf 84' lang='lat' dir='ltr'><strong>casu</strong></span> <span class='ocrx_word' id='word_1_49' title='bbox 630 772 729 835; x_wconf 88' lang='lat' dir='ltr'><strong>intrat</strong></span> <span class='ocrx_word' id='word_1_50' title='bbox 757 769 916 834; x_wconf 74' lang='lat' dir='ltr'><strong>distinctio</strong></span> <span class='ocrx_word' id='word_1_51' title='bbox 938 786 978 832; x_wconf 86' lang='lat' dir='ltr'><strong>an</strong></span> <span class='ocrx_word' id='word_1_52' title='bbox 1009 768 1173 833; x_wconf 82' lang='lat' dir='ltr'><strong>ratificatio</strong></span> <span class='ocrx_word' id='word_1_53' title='bbox 1204 775 1283 833; x_wconf 79' lang='lat' dir='ltr'><strong>aocet</strong></span> <span class='ocrx_word' id='word_1_54' title='bbox 1313 769 1482 833; x_wconf 71' lang='lat' dir='ltr'><strong>noeeesarir</strong></span> <span class='ocrx_word' id='word_1_55' title='bbox 1512 767 1560 831; x_wconf 86' lang='lat' dir='ltr'><strong>vel</strong></span> 
     </span>
     <span class='ocr_line' id='line_1_6' title="bbox 187 877 1562 963; baseline -0.001 -20"><span class='ocrx_word' id='word_1_56' title='bbox 187 905 205 943; x_wconf 79' lang='lat' dir='ltr'><strong>r</strong></span> <span class='ocrx_word' id='word_1_57' title='bbox 230 885 423 963; x_wconf 80' lang='lat' dir='ltr'><strong>voluntaria,</strong></span> <span class='ocrx_word' id='word_1_58' title='bbox 445 883 524 948; x_wconf 85' lang='lat' dir='ltr'><strong>adeo</strong></span> <span class='ocrx_word' id='word_1_59' title='bbox 545 885 583 946; x_wconf 89' lang='lat' dir='ltr'><strong>ut</strong></span> <span class='ocrx_word' id='word_1_60' title='bbox 613 879 784 961; x_wconf 69' lang='lat' dir='ltr'><strong>respective</strong></span> <span class='ocrx_word' id='word_1_61' title='bbox 814 882 966 959; x_wconf 75' lang='lat' dir='ltr'><strong>operetur</strong></span> <span class='ocrx_word' id='word_1_62' title='bbox 989 884 1027 942; x_wconf 89' lang='lat' dir='ltr'><strong>ut</strong></span> <span class='ocrx_word' id='word_1_63' title='bbox 1060 894 1144 941; x_wconf 89' lang='lat' dir='ltr'><strong>nunc</strong></span> <span class='ocrx_word' id='word_1_64' title='bbox 1167 877 1213 942; x_wconf 88' lang='lat' dir='ltr'><strong>vel</strong></span> <span class='ocrx_word' id='word_1_65' title='bbox 1236 883 1273 942; x_wconf 89' lang='lat' dir='ltr'><strong>ut</strong></span> <span class='ocrx_word' id='word_1_66' title='bbox 1305 883 1402 958; x_wconf 88' lang='lat' dir='ltr'><strong>tunc;</strong></span> <span class='ocrx_word' id='word_1_67' title='bbox 1421 882 1562 943; x_wconf 87' lang='lat' dir='ltr'><strong>attamen</strong></span> 
     </span>
     <span class='ocr_line' id='line_1_7' title="bbox 187 987 1560 1075; baseline 0.001 -26"><span class='ocrx_word' id='word_1_68' title='bbox 187 1012 205 1049; x_wconf 80' lang='lat' dir='ltr'><strong>a</strong></span> <span class='ocrx_word' id='word_1_69' title='bbox 229 992 332 1071; x_wconf 74' lang='lat' dir='ltr'><strong>quoad</strong></span> <span class='ocrx_word' id='word_1_70' title='bbox 358 993 460 1075; x_wconf 83' lang='lat' dir='ltr'><strong>ipsum</strong></span> <span class='ocrx_word' id='word_1_71' title='bbox 485 989 687 1074; x_wconf 76' lang='lat' dir='ltr'><strong>principalem</strong></span> <span class='ocrx_word' id='word_1_72' title='bbox 711 992 810 1068; x_wconf 79' lang='lat' dir='ltr'><strong>atque</strong></span> <span class='ocrx_word' id='word_1_73' title='bbox 834 988 956 1070; x_wconf 77' lang='lat' dir='ltr'><strong>ineius</strong></span> <span class='ocrx_word' id='word_1_74' title='bbox 983 987 1209 1069; x_wconf 86' lang='lat' dir='ltr'><strong>praejudicium</strong></span> <span class='ocrx_word' id='word_1_75' title='bbox 1234 988 1278 1051; x_wconf 87' lang='lat' dir='ltr'><strong>ita</strong></span> <span class='ocrx_word' id='word_1_76' title='bbox 1303 989 1455 1071; x_wconf 82' lang='lat' dir='ltr'><strong>fingitur,</strong></span> <span class='ocrx_word' id='word_1_77' title='bbox 1477 988 1560 1053; x_wconf 87' lang='lat' dir='ltr'><strong>acsi</strong></span> 
     </span>
     <span class='ocr_line' id='line_1_8' title="bbox 187 1093 1561 1182; baseline -0.004 -22"><span class='ocrx_word' id='word_1_78' title='bbox 187 1122 206 1160; x_wconf 79' lang='lat' dir='ltr'><strong>r</strong></span> <span class='ocrx_word' id='word_1_79' title='bbox 230 1103 352 1182; x_wconf 88' lang='lat' dir='ltr'><strong>primus</strong></span> <span class='ocrx_word' id='word_1_80' title='bbox 374 1106 464 1166; x_wconf 86' lang='lat' dir='ltr'><strong>actus</strong></span> <span class='ocrx_word' id='word_1_81' title='bbox 485 1120 502 1165; x_wconf 91' lang='lat' dir='ltr'><strong>a</strong></span> <span class='ocrx_word' id='word_1_82' title='bbox 526 1099 721 1165; x_wconf 80' lang='lat' dir='ltr'><strong>mandatorio</strong></span> <span class='ocrx_word' id='word_1_83' title='bbox 744 1102 869 1181; x_wconf 78' lang='lat' dir='ltr'><strong>gestus,</strong></span> <span class='ocrx_word' id='word_1_84' title='bbox 892 1114 949 1178; x_wconf 87' lang='lat' dir='ltr'><strong>per</strong></span> <span class='ocrx_word' id='word_1_85' title='bbox 972 1114 1005 1160; x_wconf 84' lang='lat' dir='ltr'><strong>se</strong></span> <span class='ocrx_word' id='word_1_86' title='bbox 1028 1097 1130 1178; x_wconf 85' lang='lat' dir='ltr'><strong>ipsum</strong></span> <span class='ocrx_word' id='word_1_87' title='bbox 1154 1101 1261 1178; x_wconf 77' lang='lat' dir='ltr'><strong>gestus</strong></span> <span class='ocrx_word' id='word_1_88' title='bbox 1284 1099 1382 1175; x_wconf 86' lang='lat' dir='ltr'><strong>esset,</strong></span> <span class='ocrx_word' id='word_1_89' title='bbox 1407 1093 1502 1160; x_wconf 82' lang='grc' dir='ltr'><em>θανα.</em></span> <span class='ocrx_word' id='word_1_90' title='bbox 1525 1093 1561 1155; x_wconf 80' lang='lat' dir='ltr'><strong>de</strong></span> 
     </span>
     <span class='ocr_line' id='line_1_9' title="bbox 187 1198 1562 1287; baseline -0.002 -20"><span class='ocrx_word' id='word_1_91' title='bbox 187 1229 205 1267; x_wconf 78' lang='lat' dir='ltr'><strong>r</strong></span> <span class='ocrx_word' id='word_1_92' title='bbox 232 1209 308 1273; x_wconf 75' lang='lat' dir='ltr'><strong>cor.</strong></span> <span class='ocrx_word' id='word_1_93' title='bbox 330 1210 368 1275; x_wconf 75' lang='grc' dir='ltr'><strong>ἀν</strong></span> <span class='ocrx_word' id='word_1_94' title='bbox 392 1210 499 1275; x_wconf 75' lang='lat' dir='ltr'><strong>credit.</strong></span> <span class='ocrx_word' id='word_1_95' title='bbox 522 1216 549 1272; x_wconf 84' lang='lat' dir='ltr'><strong>rt</strong></span> <span class='ocrx_word' id='word_1_96' title='bbox 572 1208 659 1272; x_wconf 82' lang='lat' dir='ltr'><strong>debit.</strong></span> <span class='ocrx_word' id='word_1_97' title='bbox 680 1208 753 1271; x_wconf 77' lang='lat' dir='ltr'><strong>disc.</strong></span> <span class='ocrx_word' id='word_1_98' title='bbox 776 1203 819 1270; x_wconf 88' lang='grc'><strong>36</strong></span> <span class='ocrx_word' id='word_1_99' title='bbox 843 1226 875 1269; x_wconf 84' lang='grc' dir='ltr'><strong>α.</strong></span> <span class='ocrx_word' id='word_1_100' title='bbox 897 1202 938 1282; x_wconf 88' lang='grc'><strong>6,</strong></span> <span class='ocrx_word' id='word_1_101' title='bbox 963 1223 981 1269; x_wconf 90' lang='lat' dir='ltr'><strong>a</strong></span> <span class='ocrx_word' id='word_1_102' title='bbox 1005 1224 1068 1285; x_wconf 80' lang='lat' dir='ltr'><strong>quo</strong></span> <span class='ocrx_word' id='word_1_103' title='bbox 1091 1205 1269 1287; x_wconf 78' lang='lat' dir='ltr'><strong>allegantur</strong></span> <span class='ocrx_word' id='word_1_104' title='bbox 1299 1202 1393 1269; x_wconf 70' lang='lat' dir='ltr'><strong>(fabr.</strong></span> <span class='ocrx_word' id='word_1_105' title='bbox 1415 1221 1497 1267; x_wconf 82' lang='lat' dir='ltr'><strong>cors.</strong></span> <span class='ocrx_word' id='word_1_106' title='bbox 1518 1198 1562 1264; x_wconf 85' lang='lat'><strong>80</strong></span> 
     </span>
     <span class='ocr_line' id='line_1_10' title="bbox 189 1309 1563 1394; baseline -0.004 -16"><span class='ocrx_word' id='word_1_107' title='bbox 189 1336 207 1372; x_wconf 80' lang='grc' dir='ltr'><strong>ιι</strong></span> <span class='ocrx_word' id='word_1_108' title='bbox 232 1312 302 1379; x_wconf 87' lang='grc' dir='ltr'><strong>α.3</strong></span> <span class='ocrx_word' id='word_1_109' title='bbox 323 1325 351 1379; x_wconf 83' lang='lat' dir='ltr'><strong>et</strong></span> <span class='ocrx_word' id='word_1_110' title='bbox 374 1334 455 1380; x_wconf 86' lang='lat' dir='ltr'><strong>conr.</strong></span> <span class='ocrx_word' id='word_1_111' title='bbox 480 1312 544 1380; x_wconf 73' lang='lat' dir='ltr'><strong>tlt</strong></span> <span class='ocrx_word' id='word_1_112' title='bbox 564 1336 596 1380; x_wconf 84' lang='grc' dir='ltr'><strong>α.</strong></span> <span class='ocrx_word' id='word_1_113' title='bbox 620 1316 642 1379; x_wconf 80' lang='lat' dir='ltr'><strong>b</strong></span> <span class='ocrx_word' id='word_1_114' title='bbox 663 1317 712 1380; x_wconf 79' lang='lat' dir='ltr'><strong>lib.</strong></span> <span class='ocrx_word' id='word_1_115' title='bbox 737 1314 776 1393; x_wconf 90' lang='lat'><strong>1,</strong></span> <span class='ocrx_word' id='word_1_116' title='bbox 803 1315 898 1380; x_wconf 76' lang='lat' dir='ltr'><strong>Serri.</strong></span> <span class='ocrx_word' id='word_1_117' title='bbox 922 1317 1012 1378; x_wconf 77' lang='lat' dir='ltr'><strong>cleris.</strong></span> <span class='ocrx_word' id='word_1_118' title='bbox 1034 1311 1078 1376; x_wconf 83' lang='lat'><strong>69</strong></span> <span class='ocrx_word' id='word_1_119' title='bbox 1102 1324 1128 1377; x_wconf 82' lang='lat' dir='ltr'><strong>rr</strong></span> <span class='ocrx_word' id='word_1_120' title='bbox 1152 1316 1242 1378; x_wconf 79' lang='lat' dir='ltr'><strong>deris.</strong></span> <span class='ocrx_word' id='word_1_121' title='bbox 1268 1309 1352 1392; x_wconf 75' lang='grc'>213,</span> <span class='ocrx_word' id='word_1_122' title='bbox 1377 1312 1505 1394; x_wconf 78' lang='lat' dir='ltr'><strong>Solporl.</strong></span> <span class='ocrx_word' id='word_1_123' title='bbox 1527 1313 1563 1373; x_wconf 78' lang='lat' dir='ltr'><strong>ire</strong></span> 
     </span>
     <span class='ocr_line' id='line_1_11' title="bbox 187 1415 1561 1505; baseline -0.001 -23"><span class='ocrx_word' id='word_1_124' title='bbox 187 1444 206 1482; x_wconf 79' lang='lat' dir='ltr'><strong>a</strong></span> <span class='ocrx_word' id='word_1_125' title='bbox 233 1422 393 1503; x_wconf 71' lang='lat' dir='ltr'><strong>Labyrtae.</strong></span> <span class='ocrx_word' id='word_1_126' title='bbox 412 1442 485 1504; x_wconf 83' lang='grc' dir='ltr'><em>ραν.</em></span> <span class='ocrx_word' id='word_1_127' title='bbox 506 1422 528 1486; x_wconf 74' lang='grc'>9</span> <span class='ocrx_word' id='word_1_128' title='bbox 551 1442 621 1505; x_wconf 84' lang='lat' dir='ltr'><strong>rap.</strong></span> <span class='ocrx_word' id='word_1_129' title='bbox 645 1420 685 1488; x_wconf 87' lang='grc'>10</span> <span class='ocrx_word' id='word_1_130' title='bbox 708 1443 740 1488; x_wconf 81' lang='grc' dir='ltr'><strong>α.</strong></span> <span class='ocrx_word' id='word_1_131' title='bbox 763 1421 806 1487; x_wconf 88' lang='grc'><strong>58</strong></span> <span class='ocrx_word' id='word_1_132' title='bbox 836 1434 864 1488; x_wconf 82' lang='lat' dir='ltr'><strong>rt</strong></span> <span class='ocrx_word' id='word_1_133' title='bbox 886 1441 954 1504; x_wconf 83' lang='lat' dir='ltr'><strong>rap.</strong></span> <span class='ocrx_word' id='word_1_134' title='bbox 977 1421 1016 1484; x_wconf 81' lang='lat'><strong>21</strong></span> <span class='ocrx_word' id='word_1_135' title='bbox 1042 1441 1074 1485; x_wconf 82' lang='lat' dir='ltr'><strong>rr.</strong></span> <span class='ocrx_word' id='word_1_136' title='bbox 1096 1419 1158 1500; x_wconf 80' lang='grc'><strong>33,</strong></span> <span class='ocrx_word' id='word_1_137' title='bbox 1182 1421 1253 1486; x_wconf 83' lang='lat' dir='ltr'><strong>lior.</strong></span> <span class='ocrx_word' id='word_1_138' title='bbox 1276 1422 1365 1484; x_wconf 79' lang='lat' dir='ltr'><strong>dreia.</strong></span> <span class='ocrx_word' id='word_1_139' title='bbox 1389 1416 1432 1483; x_wconf 80' lang='lat'><strong>35</strong></span> <span class='ocrx_word' id='word_1_140' title='bbox 1463 1438 1494 1482; x_wconf 83' lang='lat' dir='ltr'><strong>n.</strong></span> <span class='ocrx_word' id='word_1_141' title='bbox 1520 1415 1561 1480; x_wconf 87' lang='grc'>19</span> 
     </span>
     <span class='ocr_line' id='line_1_12' title="bbox 188 1528 1393 1614; baseline 0.003 -26"><span class='ocrx_word' id='word_1_142' title='bbox 188 1548 209 1588; x_wconf 84' lang='lat' dir='ltr'><strong>a</strong></span> <span class='ocrx_word' id='word_1_143' title='bbox 233 1540 260 1594; x_wconf 83' lang='lat' dir='ltr'><strong>ar</strong></span> <span class='ocrx_word' id='word_1_144' title='bbox 286 1528 324 1592; x_wconf 89' lang='lat'><strong>11</strong></span> <span class='ocrx_word' id='word_1_145' title='bbox 345 1542 415 1611; x_wconf 81' lang='lat' dir='ltr'><strong>port</strong></span> <span class='ocrx_word' id='word_1_146' title='bbox 440 1530 566 1596; x_wconf 81' lang='lat' dir='ltr'><strong>Merito.</strong></span> <span class='ocrx_word' id='word_1_147' title='bbox 587 1535 624 1597; x_wconf 83' lang='lat' dir='ltr'><strong>ria</strong></span> <span class='ocrx_word' id='word_1_148' title='bbox 644 1533 786 1613; x_wconf 68' lang='lat' dir='ltr'><strong>pipern,</strong></span> <span class='ocrx_word' id='word_1_149' title='bbox 810 1531 893 1614; x_wconf 82' lang='lat' dir='ltr'><strong>apud</strong></span> <span class='ocrx_word' id='word_1_150' title='bbox 917 1550 998 1611; x_wconf 81' lang='lat' dir='ltr'><strong>quos</strong></span> <span class='ocrx_word' id='word_1_151' title='bbox 1019 1531 1059 1595; x_wconf 79' lang='lat' dir='ltr'><strong>llo</strong></span> <span class='ocrx_word' id='word_1_152' title='bbox 1080 1530 1163 1595; x_wconf 78' lang='lat' dir='ltr'><strong>(licta</strong></span> <span class='ocrx_word' id='word_1_153' title='bbox 1187 1530 1393 1596; x_wconf 80' lang='lat' dir='ltr'><strong>distinctione.</strong></span> 
     </span>
    </p>

    <p class='ocr_par' dir='ltr' id='par_1_4' title="bbox 188 1636 1565 2134">
     <span class='ocr_line' id='line_1_13' title="bbox 278 1636 1563 1723; baseline -0.004 -19"><span class='ocrx_word' id='word_1_154' title='bbox 278 1660 294 1696; x_wconf 89' lang='lat'><strong><em>«</em></strong></span> <span class='ocrx_word' id='word_1_155' title='bbox 321 1636 379 1704; x_wconf 89' lang='lat' dir='ltr'><strong>Ubi</strong></span> <span class='ocrx_word' id='word_1_156' title='bbox 403 1645 493 1706; x_wconf 85' lang='lat' dir='ltr'><strong>actuo</strong></span> <span class='ocrx_word' id='word_1_157' title='bbox 514 1647 563 1705; x_wconf 84' lang='lat' dir='ltr'><strong>eet</strong></span> <span class='ocrx_word' id='word_1_158' title='bbox 583 1641 622 1704; x_wconf 89' lang='lat' dir='ltr'><strong>ab</strong></span> <span class='ocrx_word' id='word_1_159' title='bbox 644 1639 734 1705; x_wconf 85' lang='lat' dir='ltr'><strong>initio</strong></span> <span class='ocrx_word' id='word_1_160' title='bbox 758 1640 878 1719; x_wconf 62' lang='lat' dir='ltr'><strong>irritor„</strong></span> <span class='ocrx_word' id='word_1_161' title='bbox 901 1640 1031 1723; x_wconf 79' lang='lat' dir='ltr'><strong>ipsoque</strong></span> <span class='ocrx_word' id='word_1_162' title='bbox 1050 1641 1122 1722; x_wconf 84' lang='lat' dir='ltr'><strong>jure</strong></span> <span class='ocrx_word' id='word_1_163' title='bbox 1145 1639 1259 1719; x_wconf 86' lang='lat' dir='ltr'><strong>nullos,</strong></span> <span class='ocrx_word' id='word_1_164' title='bbox 1276 1645 1351 1703; x_wconf 86' lang='lat' dir='ltr'><strong>tunc</strong></span> <span class='ocrx_word' id='word_1_165' title='bbox 1375 1637 1563 1715; x_wconf 81' lang='lat' dir='ltr'><strong>subsequens</strong></span> 
     </span>
     <span class='ocr_line' id='line_1_14' title="bbox 189 1742 1563 1830; baseline -0.001 -23"><span class='ocrx_word' id='word_1_166' title='bbox 189 1770 206 1807; x_wconf 77' lang='lat' dir='ltr'><strong>a</strong></span> <span class='ocrx_word' id='word_1_167' title='bbox 231 1766 398 1814; x_wconf 79' lang='lat' dir='ltr'><strong>consensus</strong></span> <span class='ocrx_word' id='word_1_168' title='bbox 420 1766 476 1813; x_wconf 89' lang='lat' dir='ltr'><strong>seu</strong></span> <span class='ocrx_word' id='word_1_169' title='bbox 501 1748 687 1825; x_wconf 67' lang='lat' dir='ltr'><strong>publicatio,</strong></span> <span class='ocrx_word' id='word_1_170' title='bbox 710 1765 783 1811; x_wconf 87' lang='lat' dir='ltr'><strong>cum</strong></span> <span class='ocrx_word' id='word_1_171' title='bbox 806 1748 936 1817; x_wconf 75' lang='lat' dir='ltr'><strong>nobum,</strong></span> <span class='ocrx_word' id='word_1_172' title='bbox 961 1749 1101 1812; x_wconf 77' lang='lat' dir='ltr'><strong>inveniat</strong></span> <span class='ocrx_word' id='word_1_173' title='bbox 1124 1747 1314 1830; x_wconf 87' lang='lat' dir='ltr'><strong>principium</strong></span> <span class='ocrx_word' id='word_1_174' title='bbox 1338 1742 1563 1817; x_wconf 78' lang='lat' dir='ltr'><strong>conservabile,</strong></span> 
     </span>
     <span class='ocr_line' id='line_1_15' title="bbox 190 1851 1565 1938; baseline -0.002 -21"><span class='ocrx_word' id='word_1_175' title='bbox 190 1857 423 1938; x_wconf 73' lang='lat' dir='ltr'><strong>«impossibile</strong></span> <span class='ocrx_word' id='word_1_176' title='bbox 444 1862 493 1922; x_wconf 88' lang='lat' dir='ltr'><strong>est</strong></span> <span class='ocrx_word' id='word_1_177' title='bbox 513 1857 589 1921; x_wconf 86' lang='lat' dir='ltr'><strong>dare</strong></span> <span class='ocrx_word' id='word_1_178' title='bbox 622 1858 909 1935; x_wconf 85' lang='lat' dir='ltr'><strong>retrotraclionem,</strong></span> <span class='ocrx_word' id='word_1_179' title='bbox 938 1857 993 1921; x_wconf 88' lang='lat' dir='ltr'><strong>sed</strong></span> <span class='ocrx_word' id='word_1_180' title='bbox 1025 1857 1192 1921; x_wconf 81' lang='lat' dir='ltr'><strong>ratificatio</strong></span> <span class='ocrx_word' id='word_1_181' title='bbox 1222 1854 1347 1938; x_wconf 87' lang='lat' dir='ltr'><strong>operari</strong></span> <span class='ocrx_word' id='word_1_182' title='bbox 1378 1851 1496 1916; x_wconf 86' lang='lat' dir='ltr'><strong>dicitur</strong></span> <span class='ocrx_word' id='word_1_183' title='bbox 1526 1853 1565 1914; x_wconf 90' lang='lat' dir='ltr'><strong>ut</strong></span> 
     </span>
     <span class='ocr_line' id='line_1_16' title="bbox 188 1959 1565 2046; baseline -0.001 -24"><span class='ocrx_word' id='word_1_184' title='bbox 188 1985 209 2022; x_wconf 76' lang='lat' dir='ltr'><strong>a</strong></span> <span class='ocrx_word' id='word_1_185' title='bbox 233 1968 443 2044; x_wconf 67' lang='lat' dir='ltr'><strong>arceatque</strong></span> <span class='ocrx_word' id='word_1_186' title='bbox 467 1965 639 2046; x_wconf 88' lang='lat' dir='ltr'><strong>importare</strong></span> <span class='ocrx_word' id='word_1_187' title='bbox 663 1970 770 2029; x_wconf 86' lang='lat' dir='ltr'><strong>actum</strong></span> <span class='ocrx_word' id='word_1_188' title='bbox 792 1965 1072 2042; x_wconf 71' lang='lat' dir='ltr'><strong>cinomanorum,</strong></span> <span class='ocrx_word' id='word_1_189' title='bbox 1090 1962 1189 2028; x_wconf 83' lang='lat' dir='ltr'><strong>Cerri.</strong></span> <span class='ocrx_word' id='word_1_190' title='bbox 1214 1965 1250 2027; x_wconf 79' lang='grc' dir='ltr'><strong>αα</strong></span> <span class='ocrx_word' id='word_1_191' title='bbox 1276 1962 1353 2027; x_wconf 79' lang='lat' dir='ltr'><strong>Lar.</strong></span> <span class='ocrx_word' id='word_1_192' title='bbox 1368 1960 1404 2023; x_wconf 82' lang='lat' dir='ltr'><strong>rie</strong></span> <span class='ocrx_word' id='word_1_193' title='bbox 1426 1959 1565 2039; x_wconf 72' lang='lat' dir='ltr'><strong>trpirimo</strong></span> 
     </span>
     <span class='ocr_line' id='line_1_17' title="bbox 192 2066 481 2134; baseline 0.01 -4"><span class='ocrx_word' id='word_1_194' title='bbox 192 2091 211 2130; x_wconf 77' lang='lat' dir='ltr'><strong>r</strong></span> <span class='ocrx_word' id='word_1_195' title='bbox 237 2066 376 2134; x_wconf 60' lang='grc' dir='ltr'>(1130.ἳὲ)</span> <span class='ocrx_word' id='word_1_196' title='bbox 398 2090 430 2134; x_wconf 83' lang='lat' dir='ltr'><strong>rt.</strong></span> <span class='ocrx_word' id='word_1_197' title='bbox 451 2067 481 2133; x_wconf 86' lang='lat'><strong>8.</strong></span> 
     </span>
    </p>
   </div>
   <div class='ocr_carea' id='block_1_3' title="bbox 283 2180 1564 2247">
    <p class='ocr_par' dir='ltr' id='par_1_5' title="bbox 283 2180 1564 2247">
     <span class='ocr_line' id='line_1_18' title="bbox 283 2180 1564 2247; baseline 0.002 -6"><span class='ocrx_word' id='word_1_198' title='bbox 283 2202 300 2241; x_wconf 82' lang='lat' dir='ltr'><strong>r</strong></span> <span class='ocrx_word' id='word_1_199' title='bbox 326 2180 505 2246; x_wconf 84' lang='lat' dir='ltr'><strong>Ratibcatio</strong></span> <span class='ocrx_word' id='word_1_200' title='bbox 527 2183 618 2245; x_wconf 88' lang='lat' dir='ltr'><strong>actus</strong></span> <span class='ocrx_word' id='word_1_201' title='bbox 638 2180 676 2244; x_wconf 92' lang='lat' dir='ltr'><strong>ab</strong></span> <span class='ocrx_word' id='word_1_202' title='bbox 699 2181 789 2245; x_wconf 87' lang='lat' dir='ltr'><strong>initio</strong></span> <span class='ocrx_word' id='word_1_203' title='bbox 810 2180 888 2244; x_wconf 83' lang='lat' dir='ltr'><strong>nulli</strong></span> <span class='ocrx_word' id='word_1_204' title='bbox 912 2199 974 2245; x_wconf 85' lang='lat' dir='ltr'><strong>nor</strong></span> <span class='ocrx_word' id='word_1_205' title='bbox 997 2181 1229 2246; x_wconf 67' lang='lat' dir='ltr'><strong>retrotrahitur</strong></span> <span class='ocrx_word' id='word_1_206' title='bbox 1253 2188 1290 2246; x_wconf 89' lang='lat' dir='ltr'><strong>ut</strong></span> <span class='ocrx_word' id='word_1_207' title='bbox 1312 2186 1402 2246; x_wconf 82' lang='lat' dir='ltr'><strong>actuo</strong></span> <span class='ocrx_word' id='word_1_208' title='bbox 1423 2198 1463 2245; x_wconf 85' lang='lat' dir='ltr'><strong>err</strong></span> <span class='ocrx_word' id='word_1_209' title='bbox 1487 2185 1564 2247; x_wconf 89' lang='lat' dir='ltr'><strong>tunc</strong></span> 
     </span>
    </p>
   </div>
   <div class='ocr_carea' id='block_1_4' title="bbox 60 2284 1567 2371">
    <p class='ocr_par' dir='ltr' id='par_1_6' title="bbox 60 2284 1567 2371">
     <span class='ocr_line' id='line_1_19' title="bbox 60 2284 1567 2371; baseline -0.002 -22"><span class='ocrx_word' id='word_1_210' title='bbox 60 2331 65 2341; x_wconf 87' lang='lat'>.</span> <span class='ocrx_word' id='word_1_211' title='bbox 192 2311 211 2349; x_wconf 83' lang='lat' dir='ltr'><strong>r</strong></span> <span class='ocrx_word' id='word_1_212' title='bbox 237 2290 352 2369; x_wconf 86' lang='lat' dir='ltr'><strong>valeat,</strong></span> <span class='ocrx_word' id='word_1_213' title='bbox 374 2289 428 2354; x_wconf 82' lang='lat' dir='ltr'><strong>red</strong></span> <span class='ocrx_word' id='word_1_214' title='bbox 449 2289 552 2354; x_wconf 85' lang='lat' dir='ltr'><strong>solum</strong></span> <span class='ocrx_word' id='word_1_215' title='bbox 574 2294 726 2371; x_wconf 85' lang='lat' dir='ltr'><strong>operatur</strong></span> <span class='ocrx_word' id='word_1_216' title='bbox 750 2289 943 2355; x_wconf 75' lang='lat' dir='ltr'><strong>validitatem</strong></span> <span class='ocrx_word' id='word_1_217' title='bbox 968 2295 1005 2355; x_wconf 89' lang='lat' dir='ltr'><strong>ut</strong></span> <span class='ocrx_word' id='word_1_218' title='bbox 1026 2309 1067 2354; x_wconf 88' lang='lat' dir='ltr'><strong>er</strong></span> <span class='ocrx_word' id='word_1_219' title='bbox 1091 2307 1193 2367; x_wconf 86' lang='lat' dir='ltr'><strong>nunc,</strong></span> <span class='ocrx_word' id='word_1_220' title='bbox 1210 2290 1282 2354; x_wconf 82' lang='lat' dir='ltr'><strong>Rae.</strong></span> <span class='ocrx_word' id='word_1_221' title='bbox 1297 2291 1332 2352; x_wconf 83' lang='lat' dir='ltr'><strong>irr</strong></span> <span class='ocrx_word' id='word_1_222' title='bbox 1356 2288 1501 2353; x_wconf 77' lang='lat' dir='ltr'><strong>Mentire.</strong></span> <span class='ocrx_word' id='word_1_223' title='bbox 1522 2284 1567 2349; x_wconf 83' lang='lat' dir='ltr'><strong>orl</strong></span> 
     </span>
    </p>
   </div>
   <div class='ocr_carea' id='block_1_5' title="bbox 193 2390 1568 3133">
    <p class='ocr_par' dir='ltr' id='par_1_7' title="bbox 194 2390 1460 2480">
     <span class='ocr_line' id='line_1_20' title="bbox 194 2390 1460 2480; baseline 0.001 -23"><span class='ocrx_word' id='word_1_224' title='bbox 194 2416 211 2457; x_wconf 79' lang='lat' dir='ltr'><strong>a</strong></span> <span class='ocrx_word' id='word_1_225' title='bbox 239 2394 333 2463; x_wconf 74' lang='lat' dir='ltr'><strong>Carti.</strong></span> <span class='ocrx_word' id='word_1_226' title='bbox 355 2396 392 2461; x_wconf 85' lang='lat' dir='ltr'><strong>rie</strong></span> <span class='ocrx_word' id='word_1_227' title='bbox 416 2395 494 2461; x_wconf 76' lang='lat' dir='ltr'><strong>Luc.</strong></span> <span class='ocrx_word' id='word_1_228' title='bbox 515 2414 612 2478; x_wconf 74' lang='lat' dir='ltr'><strong>saper</strong></span> <span class='ocrx_word' id='word_1_229' title='bbox 635 2397 784 2478; x_wconf 72' lang='lat' dir='ltr'><strong>conflicto</strong></span> <span class='ocrx_word' id='word_1_230' title='bbox 807 2400 899 2480; x_wconf 74' lang='lat' dir='ltr'><strong>tepori</strong></span> <span class='ocrx_word' id='word_1_231' title='bbox 921 2399 970 2462; x_wconf 82' lang='lat' dir='ltr'><strong>lib.</strong></span> <span class='ocrx_word' id='word_1_232' title='bbox 995 2396 1036 2462; x_wconf 90' lang='grc'><strong>16</strong></span> <span class='ocrx_word' id='word_1_233' title='bbox 1059 2399 1149 2463; x_wconf 79' lang='lat' dir='ltr'><strong>decis.</strong></span> <span class='ocrx_word' id='word_1_234' title='bbox 1171 2394 1193 2459; x_wconf 84' lang='lat'><strong>3</strong></span> <span class='ocrx_word' id='word_1_235' title='bbox 1214 2418 1246 2462; x_wconf 81' lang='lat' dir='ltr'><strong>rr.</strong></span> <span class='ocrx_word' id='word_1_236' title='bbox 1269 2394 1313 2459; x_wconf 77' lang='lat'><strong>32</strong></span> <span class='ocrx_word' id='word_1_237' title='bbox 1335 2406 1408 2461; x_wconf 81' lang='lat' dir='ltr'><strong>rom.</strong></span> <span class='ocrx_word' id='word_1_238' title='bbox 1430 2390 1460 2459; x_wconf 77' lang='grc'>1.</span> 
     </span>
    </p>

    <p class='ocr_par' dir='ltr' id='par_1_8' title="bbox 193 2502 1568 3133">
     <span class='ocr_line' id='line_1_21' title="bbox 283 2502 1567 2591; baseline 0.003 -24"><span class='ocrx_word' id='word_1_239' title='bbox 283 2502 312 2568; x_wconf 84' lang='grc'><strong>5.</strong></span> <span class='ocrx_word' id='word_1_240' title='bbox 338 2504 401 2570; x_wconf 81' lang='lat' dir='ltr'><strong>lete</strong></span> <span class='ocrx_word' id='word_1_241' title='bbox 433 2511 542 2571; x_wconf 85' lang='lat' dir='ltr'><strong>autem</strong></span> <span class='ocrx_word' id='word_1_242' title='bbox 573 2507 703 2572; x_wconf 84' lang='lat' dir='ltr'><strong>affectus</strong></span> <span class='ocrx_word' id='word_1_243' title='bbox 735 2513 885 2589; x_wconf 86' lang='lat' dir='ltr'><strong>operator</strong></span> <span class='ocrx_word' id='word_1_244' title='bbox 917 2509 1013 2573; x_wconf 88' lang='lat' dir='ltr'><strong>etiam</strong></span> <span class='ocrx_word' id='word_1_245' title='bbox 1048 2514 1191 2591; x_wconf 84' lang='lat' dir='ltr'><strong>respectu</strong></span> <span class='ocrx_word' id='word_1_246' title='bbox 1223 2523 1445 2585; x_wconf 76' lang='lat' dir='ltr'><strong>eorumquae</strong></span> <span class='ocrx_word' id='word_1_247' title='bbox 1479 2509 1567 2589; x_wconf 78' lang='lat' dir='ltr'><strong>gaeta</strong></span> 
     </span>
     <span class='ocr_line' id='line_1_22' title="bbox 194 2611 1568 2701; baseline 0.001 -26"><span class='ocrx_word' id='word_1_248' title='bbox 194 2611 327 2677; x_wconf 84' lang='lat' dir='ltr'><strong>luerunt</strong></span> <span class='ocrx_word' id='word_1_249' title='bbox 350 2630 405 2695; x_wconf 91' lang='lat' dir='ltr'><strong>per</strong></span> <span class='ocrx_word' id='word_1_250' title='bbox 427 2613 539 2679; x_wconf 85' lang='lat' dir='ltr'><strong>laleum</strong></span> <span class='ocrx_word' id='word_1_251' title='bbox 570 2621 830 2697; x_wconf 83' lang='lat' dir='ltr'><strong>procuratorem,</strong></span> <span class='ocrx_word' id='word_1_252' title='bbox 851 2616 951 2681; x_wconf 83' lang='lat' dir='ltr'><strong>Fetirr.</strong></span> <span class='ocrx_word' id='word_1_253' title='bbox 976 2620 1010 2681; x_wconf 83' lang='lat' dir='ltr'><strong>in</strong></span> <span class='ocrx_word' id='word_1_254' title='bbox 1041 2636 1111 2697; x_wconf 86' lang='lat' dir='ltr'><strong>rcp.</strong></span> <span class='ocrx_word' id='word_1_255' title='bbox 1140 2617 1292 2681; x_wconf 73' lang='lat' dir='ltr'><strong>borrelli</strong></span> <span class='ocrx_word' id='word_1_256' title='bbox 1314 2612 1337 2701; x_wconf 60' lang='grc' dir='ltr'><strong>δ</strong></span> <span class='ocrx_word' id='word_1_257' title='bbox 1360 2624 1435 2680; x_wconf 77' lang='lat' dir='ltr'><strong>ram</strong></span> <span class='ocrx_word' id='word_1_258' title='bbox 1459 2623 1486 2678; x_wconf 84' lang='lat' dir='ltr'><strong>et</strong></span> <span class='ocrx_word' id='word_1_259' title='bbox 1509 2616 1568 2678; x_wconf 83' lang='lat' dir='ltr'><strong>olii</strong></span> 
     </span>
     <span class='ocr_line' id='line_1_23' title="bbox 194 2715 1566 2807; baseline 0.001 -24"><span class='ocrx_word' id='word_1_260' title='bbox 194 2738 225 2784; x_wconf 83' lang='lat' dir='ltr'><strong>r.</strong></span> <span class='ocrx_word' id='word_1_261' title='bbox 249 2715 292 2785; x_wconf 91' lang='grc'><strong>39</strong></span> <span class='ocrx_word' id='word_1_262' title='bbox 315 2731 393 2785; x_wconf 76' lang='lat' dir='ltr'><strong>errr.</strong></span> <span class='ocrx_word' id='word_1_263' title='bbox 417 2721 454 2784; x_wconf 79' lang='lat' dir='ltr'><strong>ric</strong></span> <span class='ocrx_word' id='word_1_264' title='bbox 475 2740 587 2799; x_wconf 79' lang='lat' dir='ltr'><strong>rerer,</strong></span> <span class='ocrx_word' id='word_1_265' title='bbox 611 2725 646 2788; x_wconf 85' lang='lat' dir='ltr'><strong>L.</strong></span> <span class='ocrx_word' id='word_1_266' title='bbox 669 2727 697 2788; x_wconf 75' lang='lat' dir='ltr'><strong>rr·</strong></span> <span class='ocrx_word' id='word_1_267' title='bbox 716 2727 974 2807; x_wconf 65' lang='lat' dir='ltr'><strong>procuratoriis</strong></span> <span class='ocrx_word' id='word_1_268' title='bbox 990 2729 1028 2788; x_wconf 83' lang='grc' dir='ltr'><strong>αν</strong></span> <span class='ocrx_word' id='word_1_269' title='bbox 1043 2726 1175 2789; x_wconf 75' lang='lat' dir='ltr'><strong>condiet.</strong></span> <span class='ocrx_word' id='word_1_270' title='bbox 1190 2727 1369 2799; x_wconf 70' lang='lat' dir='ltr'><strong>cotrariae,</strong></span> <span class='ocrx_word' id='word_1_271' title='bbox 1392 2729 1426 2788; x_wconf 91' lang='lat' dir='ltr'><strong>et</strong></span> <span class='ocrx_word' id='word_1_272' title='bbox 1441 2723 1484 2787; x_wconf 94' lang='lat' dir='ltr'><strong>ibi</strong></span> <span class='ocrx_word' id='word_1_273' title='bbox 1501 2722 1566 2787; x_wconf 80' lang='lat' dir='ltr'><strong>lor.</strong></span> 
     </span>
     <span class='ocr_line' id='line_1_24' title="bbox 194 2824 1566 2916; baseline 0.004 -26"><span class='ocrx_word' id='word_1_274' title='bbox 194 2846 226 2890; x_wconf 79' lang='lat' dir='ltr'><strong>rr.</strong></span> <span class='ocrx_word' id='word_1_275' title='bbox 252 2824 289 2905; x_wconf 91' lang='lat'><strong>1,</strong></span> <span class='ocrx_word' id='word_1_276' title='bbox 313 2826 389 2894; x_wconf 72' lang='grc' dir='ltr'><em>θνα.</em></span> <span class='ocrx_word' id='word_1_277' title='bbox 412 2829 495 2914; x_wconf 71' lang='lat' dir='ltr'><strong>Hor.</strong></span> <span class='ocrx_word' id='word_1_278' title='bbox 518 2849 601 2897; x_wconf 82' lang='lat' dir='ltr'><strong>corr.</strong></span> <span class='ocrx_word' id='word_1_279' title='bbox 622 2828 666 2896; x_wconf 71' lang='lat'><strong>78</strong></span> <span class='ocrx_word' id='word_1_280' title='bbox 689 2851 721 2897; x_wconf 72' lang='lat' dir='ltr'><strong>rr.</strong></span> <span class='ocrx_word' id='word_1_281' title='bbox 743 2829 765 2896; x_wconf 89' lang='lat'><strong>8</strong></span> <span class='ocrx_word' id='word_1_282' title='bbox 788 2851 866 2897; x_wconf 85' lang='lat' dir='ltr'><strong>verr.</strong></span> <span class='ocrx_word' id='word_1_283' title='bbox 888 2851 963 2898; x_wconf 80' lang='lat' dir='ltr'><strong>cam</strong></span> <span class='ocrx_word' id='word_1_284' title='bbox 987 2844 1092 2898; x_wconf 81' lang='lat' dir='ltr'><strong>torreo</strong></span> <span class='ocrx_word' id='word_1_285' title='bbox 1116 2834 1199 2899; x_wconf 84' lang='lat' dir='ltr'><strong>elios</strong></span> <span class='ocrx_word' id='word_1_286' title='bbox 1213 2851 1271 2916; x_wconf 83' lang='lat' dir='ltr'><strong>prr</strong></span> <span class='ocrx_word' id='word_1_287' title='bbox 1290 2833 1364 2898; x_wconf 79' lang='lat' dir='ltr'><strong>Ter.</strong></span> <span class='ocrx_word' id='word_1_288' title='bbox 1379 2834 1413 2896; x_wconf 86' lang='lat' dir='ltr'><strong>irr</strong></span> <span class='ocrx_word' id='word_1_289' title='bbox 1431 2831 1466 2897; x_wconf 85' lang='grc'>1</span> <span class='ocrx_word' id='word_1_290' title='bbox 1481 2833 1566 2910; x_wconf 84' lang='lat' dir='ltr'><strong>licet,</strong></span> 
     </span>
     <span class='ocr_line' id='line_1_25' title="bbox 193 2931 1568 3026; baseline 0.005 -29"><span class='ocrx_word' id='word_1_291' title='bbox 193 2939 226 2999; x_wconf 87' lang='lat' dir='ltr'><strong>et</strong></span> <span class='ocrx_word' id='word_1_292' title='bbox 248 2931 290 2999; x_wconf 87' lang='lat' dir='ltr'><strong>ibi</strong></span> <span class='ocrx_word' id='word_1_293' title='bbox 313 2933 410 3001; x_wconf 82' lang='lat' dir='ltr'><strong>Glorr.</strong></span> <span class='ocrx_word' id='word_1_294' title='bbox 433 2950 461 3004; x_wconf 86' lang='lat' dir='ltr'><strong>et</strong></span> <span class='ocrx_word' id='word_1_295' title='bbox 483 2938 575 3005; x_wconf 74' lang='lat' dir='ltr'><strong>Bari.</strong></span> <span class='ocrx_word' id='word_1_296' title='bbox 599 2962 631 3006; x_wconf 84' lang='lat' dir='ltr'><strong>n.</strong></span> <span class='ocrx_word' id='word_1_297' title='bbox 653 2990 661 3005; x_wconf 86' lang='lat'><strong>.</strong></span> <span class='ocrx_word' id='word_1_298' title='bbox 682 2991 690 3006; x_wconf 88' lang='lat'><em>.</em></span> <span class='ocrx_word' id='word_1_299' title='bbox 712 2943 824 3026; x_wconf 58' lang='grc' dir='ltr'><strong>,ραν</strong></span> <span class='ocrx_word' id='word_1_300' title='bbox 850 2943 968 3024; x_wconf 71' lang='lat' dir='ltr'><strong>judie,</strong></span> <span class='ocrx_word' id='word_1_301' title='bbox 993 2943 1064 3008; x_wconf 84' lang='lat' dir='ltr'><strong>Rot.</strong></span> <span class='ocrx_word' id='word_1_302' title='bbox 1098 2943 1186 3009; x_wconf 77' lang='lat' dir='ltr'><strong>deris.</strong></span> <span class='ocrx_word' id='word_1_303' title='bbox 1218 2939 1303 3019; x_wconf 77' lang='grc'>133,</span> <span class='ocrx_word' id='word_1_304' title='bbox 1336 2960 1417 3026; x_wconf 79' lang='lat' dir='ltr'><strong>pace</strong></span> <span class='ocrx_word' id='word_1_305' title='bbox 1448 2950 1490 3006; x_wconf 83' lang='lat' dir='ltr'><strong>ast</strong></span> <span class='ocrx_word' id='word_1_306' title='bbox 1525 2938 1568 3004; x_wconf 92' lang='grc'><strong>39</strong></span> 
     </span>
     <span class='ocr_line' id='line_1_26' title="bbox 196 3043 1530 3133; baseline 0.007 -29"><span class='ocrx_word' id='word_1_307' title='bbox 196 3043 232 3105; x_wconf 83' lang='lat' dir='ltr'><strong>irr</strong></span> <span class='ocrx_word' id='word_1_308' title='bbox 251 3044 312 3125; x_wconf 73' lang='lat' dir='ltr'><strong>sire</strong></span> <span class='ocrx_word' id='word_1_309' title='bbox 336 3044 372 3106; x_wconf 83' lang='lat' dir='ltr'><strong>dr</strong></span> <span class='ocrx_word' id='word_1_310' title='bbox 395 3063 488 3112; x_wconf 81' lang='lat' dir='ltr'><strong>rerer.</strong></span> <span class='ocrx_word' id='word_1_311' title='bbox 510 3051 546 3113; x_wconf 84' lang='lat' dir='ltr'><strong>r&#39;o</strong></span> <span class='ocrx_word' id='word_1_312' title='bbox 568 3068 655 3128; x_wconf 80' lang='lat' dir='ltr'><strong>ooo,</strong></span> <span class='ocrx_word' id='word_1_313' title='bbox 677 3056 711 3116; x_wconf 88' lang='lat' dir='ltr'><strong>ct</strong></span> <span class='ocrx_word' id='word_1_314' title='bbox 733 3052 774 3117; x_wconf 91' lang='lat' dir='ltr'><strong>ibi</strong></span> <span class='ocrx_word' id='word_1_315' title='bbox 798 3051 931 3117; x_wconf 65' lang='lat' dir='ltr'><strong>addent</strong></span> <span class='ocrx_word' id='word_1_316' title='bbox 953 3072 985 3117; x_wconf 85' lang='grc' dir='ltr'><strong>α.</strong></span> <span class='ocrx_word' id='word_1_317' title='bbox 1007 3051 1037 3131; x_wconf 76' lang='grc'><strong>2,</strong></span> <span class='ocrx_word' id='word_1_318' title='bbox 1066 3054 1218 3118; x_wconf 79' lang='lat' dir='ltr'><strong>Tbrseur.</strong></span> <span class='ocrx_word' id='word_1_319' title='bbox 1241 3054 1332 3118; x_wconf 77' lang='lat' dir='ltr'><strong>cecis.</strong></span> <span class='ocrx_word' id='word_1_320' title='bbox 1352 3052 1374 3114; x_wconf 89' lang='lat'><strong>7</strong></span> <span class='ocrx_word' id='word_1_321' title='bbox 1397 3070 1456 3133; x_wconf 87' lang='lat' dir='ltr'><strong>prr</strong></span> <span class='ocrx_word' id='word_1_322' title='bbox 1478 3060 1530 3117; x_wconf 86' lang='lat' dir='ltr'><strong>tot.</strong></span> 
     </span>
    </p>
   </div>
   <div class='ocr_carea' id='block_1_6' title="bbox 284 3149 1698 3245">
    <p class='ocr_par' dir='ltr' id='par_1_9' title="bbox 284 3149 1698 3245">
     <span class='ocr_line' id='line_1_27' title="bbox 284 3149 1698 3245; baseline 0.013 -30"><span class='ocrx_word' id='word_1_323' title='bbox 284 3149 313 3217; x_wconf 84' lang='lat' dir='ltr'><strong>b.</strong></span> <span class='ocrx_word' id='word_1_324' title='bbox 336 3154 407 3221; x_wconf 86' lang='lat' dir='ltr'><strong>Sive</strong></span> <span class='ocrx_word' id='word_1_325' title='bbox 429 3158 493 3223; x_wconf 86' lang='lat' dir='ltr'><strong>sint</strong></span> <span class='ocrx_word' id='word_1_326' title='bbox 514 3165 599 3242; x_wconf 80' lang='lat' dir='ltr'><strong>gesta</strong></span> <span class='ocrx_word' id='word_1_327' title='bbox 623 3159 654 3224; x_wconf 90' lang='lat' dir='ltr'><strong>in</strong></span> <span class='ocrx_word' id='word_1_328' title='bbox 677 3161 798 3225; x_wconf 79' lang='lat' dir='ltr'><strong>actibus</strong></span> <span class='ocrx_word' id='word_1_329' title='bbox 825 3160 1031 3243; x_wconf 59' lang='lat' dir='ltr'><strong>trabalibus,</strong></span> <span class='ocrx_word' id='word_1_330' title='bbox 1053 3163 1118 3228; x_wconf 83' lang='lat' dir='ltr'><strong>rive</strong></span> <span class='ocrx_word' id='word_1_331' title='bbox 1141 3164 1173 3226; x_wconf 91' lang='lat' dir='ltr'><strong>in</strong></span> <span class='ocrx_word' id='word_1_332' title='bbox 1194 3161 1501 3245; x_wconf 84' lang='lat' dir='ltr'><strong>ertrajadicialibur‚</strong></span> <span class='ocrx_word' id='word_1_333' title='bbox 1534 3159 1569 3224; x_wconf 93' lang='grc'>1.</span> <span class='ocrx_word' id='word_1_334' title='bbox 1696 3229 1698 3233; x_wconf 89' lang='grc'><em>.</em></span> 
     </span>
    </p>
   </div>
   <div class='ocr_carea' id='block_1_7' title="bbox 192 3263 1571 4744">
    <p class='ocr_par' dir='ltr' id='par_1_10' title="bbox 194 3263 1568 3464">
     <span class='ocr_line' id='line_1_28' title="bbox 197 3263 1568 3362; baseline 0.004 -35"><span class='ocrx_word' id='word_1_335' title='bbox 197 3263 284 3341; x_wconf 80' lang='lat' dir='ltr'><strong>licet,</strong></span> <span class='ocrx_word' id='word_1_336' title='bbox 306 3269 340 3329; x_wconf 82' lang='lat' dir='ltr'><strong>et</strong></span> <span class='ocrx_word' id='word_1_337' title='bbox 362 3266 404 3330; x_wconf 92' lang='lat' dir='ltr'><strong>ibi</strong></span> <span class='ocrx_word' id='word_1_338' title='bbox 429 3266 495 3331; x_wconf 75' lang='lat' dir='ltr'><strong>lor.</strong></span> <span class='ocrx_word' id='word_1_339' title='bbox 517 3286 549 3330; x_wconf 86' lang='grc' dir='ltr'><strong>α.</strong></span> <span class='ocrx_word' id='word_1_340' title='bbox 570 3265 615 3362; x_wconf 80' lang='lat' dir='ltr'><strong>ll)</strong></span> <span class='ocrx_word' id='word_1_341' title='bbox 637 3270 701 3333; x_wconf 70' lang='lat' dir='ltr'><strong>crui.</strong></span> <span class='ocrx_word' id='word_1_342' title='bbox 723 3271 759 3333; x_wconf 79' lang='grc' dir='ltr'><strong>αν</strong></span> <span class='ocrx_word' id='word_1_343' title='bbox 780 3288 929 3350; x_wconf 84' lang='grc' dir='ltr'><em>ρναναν.,</em></span> <span class='ocrx_word' id='word_1_344' title='bbox 953 3272 988 3335; x_wconf 83' lang='grc'>1</span> <span class='ocrx_word' id='word_1_345' title='bbox 1012 3274 1079 3335; x_wconf 81' lang='lat' dir='ltr'><strong>lieet</strong></span> <span class='ocrx_word' id='word_1_346' title='bbox 1098 3272 1128 3355; x_wconf 70' lang='lat' dir='ltr'><em>ff</em></span> <span class='ocrx_word' id='word_1_347' title='bbox 1147 3271 1185 3336; x_wconf 80' lang='grc' dir='ltr'><strong>αν</strong></span> <span class='ocrx_word' id='word_1_348' title='bbox 1203 3271 1316 3353; x_wconf 75' lang='lat' dir='ltr'><strong>jobia,</strong></span> <span class='ocrx_word' id='word_1_349' title='bbox 1341 3270 1376 3334; x_wconf 86' lang='lat' dir='ltr'><strong>L.</strong></span> <span class='ocrx_word' id='word_1_350' title='bbox 1392 3265 1413 3331; x_wconf 91' lang='grc'>3</span> <span class='ocrx_word' id='word_1_351' title='bbox 1428 3265 1568 3353; x_wconf 78' lang='lat' dir='ltr'><strong>§salros</strong></span> 
     </span>
     <span class='ocr_line' id='line_1_29' title="bbox 194 3371 1536 3464; baseline 0.005 -30"><span class='ocrx_word' id='word_1_352' title='bbox 194 3371 226 3452; x_wconf 70' lang='lat' dir='ltr'><strong>tf</strong></span> <span class='ocrx_word' id='word_1_353' title='bbox 241 3372 310 3434; x_wconf 81' lang='lat' dir='ltr'><strong>rem</strong></span> <span class='ocrx_word' id='word_1_354' title='bbox 332 3384 393 3437; x_wconf 82' lang='lat' dir='ltr'><strong>rot.</strong></span> <span class='ocrx_word' id='word_1_355' title='bbox 415 3375 537 3455; x_wconf 64' lang='lat' dir='ltr'><strong>babor„</strong></span> <span class='ocrx_word' id='word_1_356' title='bbox 561 3376 626 3441; x_wconf 80' lang='lat' dir='ltr'><strong>lor.</strong></span> <span class='ocrx_word' id='word_1_357' title='bbox 649 3379 684 3440; x_wconf 83' lang='lat' dir='ltr'><strong>in</strong></span> <span class='ocrx_word' id='word_1_358' title='bbox 709 3376 747 3440; x_wconf 90' lang='grc'>1.</span> <span class='ocrx_word' id='word_1_359' title='bbox 768 3379 797 3442; x_wconf 64' lang='lat' dir='ltr'><strong><em>d</em></strong></span> <span class='ocrx_word' id='word_1_360' title='bbox 818 3382 1028 3460; x_wconf 78' lang='lat' dir='ltr'><strong>procuratori</strong></span> <span class='ocrx_word' id='word_1_361' title='bbox 1051 3399 1081 3445; x_wconf 85' lang='lat' dir='ltr'><strong>rr.</strong></span> <span class='ocrx_word' id='word_1_362' title='bbox 1106 3379 1122 3443; x_wconf 87' lang='lat'>1</span> <span class='ocrx_word' id='word_1_363' title='bbox 1143 3380 1174 3464; x_wconf 77' lang='lat' dir='ltr'><strong><em>ff</em></strong></span> <span class='ocrx_word' id='word_1_364' title='bbox 1192 3380 1228 3443; x_wconf 82' lang='lat' dir='ltr'><strong>rie</strong></span> <span class='ocrx_word' id='word_1_365' title='bbox 1251 3379 1536 3444; x_wconf 64' lang='lat' dir='ltr'><strong>condecorare.</strong></span> 
     </span>
    </p>

    <p class='ocr_par' dir='ltr' id='par_1_11' title="bbox 192 3478 1570 3991">
     <span class='ocr_line' id='line_1_30' title="bbox 286 3478 1570 3570; baseline 0.007 -29"><span class='ocrx_word' id='word_1_366' title='bbox 286 3478 317 3542; x_wconf 83' lang='lat'><strong>7.</strong></span> <span class='ocrx_word' id='word_1_367' title='bbox 338 3483 406 3546; x_wconf 89' lang='lat' dir='ltr'><strong>lloc</strong></span> <span class='ocrx_word' id='word_1_368' title='bbox 428 3491 531 3548; x_wconf 81' lang='lat' dir='ltr'><strong>tamon</strong></span> <span class='ocrx_word' id='word_1_369' title='bbox 555 3483 594 3549; x_wconf 86' lang='lat' dir='ltr'><strong>de</strong></span> <span class='ocrx_word' id='word_1_370' title='bbox 617 3486 822 3551; x_wconf 79' lang='lat' dir='ltr'><strong>ratificatione</strong></span> <span class='ocrx_word' id='word_1_371' title='bbox 855 3492 1027 3570; x_wconf 73' lang='lat' dir='ltr'><strong>gestorum.</strong></span> <span class='ocrx_word' id='word_1_372' title='bbox 1042 3504 1100 3570; x_wconf 90' lang='lat' dir='ltr'><strong>per</strong></span> <span class='ocrx_word' id='word_1_373' title='bbox 1120 3488 1232 3553; x_wconf 85' lang='lat' dir='ltr'><strong>falsum</strong></span> <span class='ocrx_word' id='word_1_374' title='bbox 1261 3493 1500 3570; x_wconf 89' lang='lat' dir='ltr'><strong>procuratorem</strong></span> <span class='ocrx_word' id='word_1_375' title='bbox 1521 3487 1570 3550; x_wconf 79' lang='lat' dir='ltr'><strong>eet</strong></span> 
     </span>
     <span class='ocr_line' id='line_1_31' title="bbox 200 3587 1569 3678; baseline 0.001 -25"><span class='ocrx_word' id='word_1_376' title='bbox 200 3587 367 3670; x_wconf 84' lang='lat' dir='ltr'><strong>tripliciter</strong></span> <span class='ocrx_word' id='word_1_377' title='bbox 380 3591 618 3672; x_wconf 66' lang='lat' dir='ltr'><strong>declarandum</strong></span> <span class='ocrx_word' id='word_1_378' title='bbox 632 3595 755 3676; x_wconf 84' lang='lat' dir='ltr'><strong>primo,</strong></span> <span class='ocrx_word' id='word_1_379' title='bbox 779 3600 817 3659; x_wconf 85' lang='lat' dir='ltr'><strong>ut</strong></span> <span class='ocrx_word' id='word_1_380' title='bbox 838 3595 989 3675; x_wconf 86' lang='lat' dir='ltr'><strong>procedat</strong></span> <span class='ocrx_word' id='word_1_381' title='bbox 1011 3596 1184 3662; x_wconf 78' lang='lat' dir='ltr'><strong>dumnodo</strong></span> <span class='ocrx_word' id='word_1_382' title='bbox 1200 3596 1270 3661; x_wconf 81' lang='lat' dir='ltr'><strong>talis</strong></span> <span class='ocrx_word' id='word_1_383' title='bbox 1285 3599 1474 3678; x_wconf 88' lang='lat' dir='ltr'><strong>procurator</strong></span> <span class='ocrx_word' id='word_1_384' title='bbox 1487 3596 1569 3657; x_wconf 77' lang='lat' dir='ltr'><strong>esset</strong></span> 
     </span>
     <span class='ocr_line' id='line_1_32' title="bbox 197 3697 1570 3786; baseline 0 -25"><span class='ocrx_word' id='word_1_385' title='bbox 197 3697 338 3779; x_wconf 77' lang='lat' dir='ltr'><strong>alioquin</strong></span> <span class='ocrx_word' id='word_1_386' title='bbox 354 3698 518 3766; x_wconf 72' lang='lat' dir='ltr'><strong>habiliora</strong></span> <span class='ocrx_word' id='word_1_387' title='bbox 538 3702 752 3767; x_wconf 76' lang='lat' dir='ltr'><strong>exercendum</strong></span> <span class='ocrx_word' id='word_1_388' title='bbox 775 3702 914 3767; x_wconf 83' lang='lat' dir='ltr'><strong>officiam</strong></span> <span class='ocrx_word' id='word_1_389' title='bbox 938 3706 1172 3786; x_wconf 83' lang='lat' dir='ltr'><strong>procuratoris,</strong></span> <span class='ocrx_word' id='word_1_390' title='bbox 1196 3721 1287 3768; x_wconf 83' lang='lat' dir='ltr'><strong>secus</strong></span> <span class='ocrx_word' id='word_1_391' title='bbox 1305 3704 1332 3766; x_wconf 84' lang='lat' dir='ltr'><strong>si</strong></span> <span class='ocrx_word' id='word_1_392' title='bbox 1354 3697 1570 3783; x_wconf 83' lang='lat' dir='ltr'><strong>procuratoris</strong></span> 
     </span>
     <span class='ocr_line' id='line_1_33' title="bbox 196 3806 1569 3892; baseline 0 -23"><span class='ocrx_word' id='word_1_393' title='bbox 196 3821 314 3871; x_wconf 83' lang='lat' dir='ltr'><strong>murras</strong></span> <span class='ocrx_word' id='word_1_394' title='bbox 342 3823 490 3872; x_wconf 72' lang='lat' dir='ltr'><strong>exemere</strong></span> <span class='ocrx_word' id='word_1_395' title='bbox 521 3823 582 3873; x_wconf 88' lang='lat' dir='ltr'><strong>non</strong></span> <span class='ocrx_word' id='word_1_396' title='bbox 615 3815 733 3892; x_wconf 81' lang='lat' dir='ltr'><strong>poscet,</strong></span> <span class='ocrx_word' id='word_1_397' title='bbox 767 3807 863 3876; x_wconf 74' lang='grc' dir='ltr'><em>θωνα.</em></span> <span class='ocrx_word' id='word_1_398' title='bbox 895 3823 923 3877; x_wconf 83' lang='lat' dir='ltr'><strong>rr</strong></span> <span class='ocrx_word' id='word_1_399' title='bbox 954 3811 1050 3878; x_wconf 85' lang='lat' dir='ltr'><strong>Borr.</strong></span> <span class='ocrx_word' id='word_1_400' title='bbox 1077 3833 1109 3876; x_wconf 83' lang='grc' dir='ltr'><strong>α.</strong></span> <span class='ocrx_word' id='word_1_401' title='bbox 1132 3861 1140 3877; x_wconf 90' lang='grc'><em>.</em></span> <span class='ocrx_word' id='word_1_402' title='bbox 1164 3860 1172 3876; x_wconf 93' lang='grc'><em>.</em></span> <span class='ocrx_word' id='word_1_403' title='bbox 1195 3862 1203 3875; x_wconf 94' lang='grc'><em>.</em></span> <span class='ocrx_word' id='word_1_404' title='bbox 1226 3814 1262 3875; x_wconf 84' lang='grc' dir='ltr'><em>νά</em></span> <span class='ocrx_word' id='word_1_405' title='bbox 1285 3811 1313 3874; x_wconf 87' lang='lat' dir='ltr'><strong>ri.</strong></span> <span class='ocrx_word' id='word_1_406' title='bbox 1336 3809 1371 3873; x_wconf 78' lang='grc'>1.</span> <span class='ocrx_word' id='word_1_407' title='bbox 1392 3810 1461 3873; x_wconf 85' lang='lat' dir='ltr'><strong>lieet</strong></span> <span class='ocrx_word' id='word_1_408' title='bbox 1484 3806 1515 3888; x_wconf 75' lang='lat' dir='ltr'><em>ff</em></span> <span class='ocrx_word' id='word_1_409' title='bbox 1532 3806 1569 3869; x_wconf 80' lang='grc' dir='ltr'><strong>αα</strong></span> 
     </span>
     <span class='ocr_line' id='line_1_34' title="bbox 192 3911 881 3991; baseline 0.016 -17"><span class='ocrx_word' id='word_1_410' title='bbox 192 3911 314 3991; x_wconf 76' lang='lat' dir='ltr'><strong>judic,</strong></span> <span class='ocrx_word' id='word_1_411' title='bbox 339 3915 437 3979; x_wconf 66' lang='lat' dir='ltr'><strong>Rure.</strong></span> <span class='ocrx_word' id='word_1_412' title='bbox 457 3935 541 3981; x_wconf 78' lang='lat' dir='ltr'><strong>coreo.</strong></span> <span class='ocrx_word' id='word_1_413' title='bbox 565 3915 629 3982; x_wconf 71' lang='grc'>129</span> <span class='ocrx_word' id='word_1_414' title='bbox 651 3938 683 3982; x_wconf 82' lang='lat' dir='ltr'><strong>rr.</strong></span> <span class='ocrx_word' id='word_1_415' title='bbox 707 3917 757 3983; x_wconf 91' lang='grc'><strong>11.</strong></span> <span class='ocrx_word' id='word_1_416' title='bbox 779 3919 828 3984; x_wconf 84' lang='lat' dir='ltr'><strong>lib.</strong></span> <span class='ocrx_word' id='word_1_417' title='bbox 850 3918 881 3986; x_wconf 77' lang='grc' dir='ltr'><strong>ὃ.</strong></span> 
     </span>
    </p>

    <p class='ocr_par' dir='ltr' id='par_1_12' title="bbox 199 4021 1570 4220">
     <span class='ocr_line' id='line_1_35' title="bbox 285 4021 1570 4113; baseline 0.004 -27"><span class='ocrx_word' id='word_1_418' title='bbox 285 4021 316 4089; x_wconf 85' lang='lat'><strong>8.</strong></span> <span class='ocrx_word' id='word_1_419' title='bbox 338 4026 497 4106; x_wconf 83' lang='lat' dir='ltr'><strong>Secundo,</strong></span> <span class='ocrx_word' id='word_1_420' title='bbox 520 4034 558 4093; x_wconf 87' lang='lat' dir='ltr'><strong>at</strong></span> <span class='ocrx_word' id='word_1_421' title='bbox 580 4046 641 4093; x_wconf 90' lang='lat' dir='ltr'><strong>non</strong></span> <span class='ocrx_word' id='word_1_422' title='bbox 663 4029 812 4111; x_wconf 74' lang='lat' dir='ltr'><strong>procellat</strong></span> <span class='ocrx_word' id='word_1_423' title='bbox 834 4032 866 4094; x_wconf 86' lang='lat' dir='ltr'><strong>in</strong></span> <span class='ocrx_word' id='word_1_424' title='bbox 880 4034 1003 4097; x_wconf 86' lang='lat' dir='ltr'><strong>actibus</strong></span> <span class='ocrx_word' id='word_1_425' title='bbox 1019 4050 1075 4113; x_wconf 89' lang='lat' dir='ltr'><strong>per</strong></span> <span class='ocrx_word' id='word_1_426' title='bbox 1090 4031 1202 4097; x_wconf 85' lang='lat' dir='ltr'><strong>labam</strong></span> <span class='ocrx_word' id='word_1_427' title='bbox 1218 4034 1457 4113; x_wconf 85' lang='lat' dir='ltr'><strong>procuratorem</strong></span> <span class='ocrx_word' id='word_1_428' title='bbox 1475 4025 1570 4111; x_wconf 80' lang='lat' dir='ltr'><strong>gestis</strong></span> 
     </span>
     <span class='ocr_line' id='line_1_36' title="bbox 199 4129 1482 4220; baseline 0.006 -27"><span class='ocrx_word' id='word_1_429' title='bbox 199 4129 233 4192; x_wconf 82' lang='lat' dir='ltr'><strong>io</strong></span> <span class='ocrx_word' id='word_1_430' title='bbox 253 4131 412 4198; x_wconf 68' lang='lat' dir='ltr'><strong>audemia</strong></span> <span class='ocrx_word' id='word_1_431' title='bbox 435 4135 589 4218; x_wconf 68' lang='lat' dir='ltr'><strong>Principis</strong></span> <span class='ocrx_word' id='word_1_432' title='bbox 611 4137 658 4201; x_wconf 89' lang='lat' dir='ltr'><strong>vel</strong></span> <span class='ocrx_word' id='word_1_433' title='bbox 680 4136 829 4216; x_wconf 84' lang='lat' dir='ltr'><strong>Senator,</strong></span> <span class='ocrx_word' id='word_1_434' title='bbox 853 4139 884 4202; x_wconf 88' lang='lat' dir='ltr'><strong>in</strong></span> <span class='ocrx_word' id='word_1_435' title='bbox 908 4140 1027 4219; x_wconf 81' lang='lat' dir='ltr'><strong>quibus</strong></span> <span class='ocrx_word' id='word_1_436' title='bbox 1048 4141 1216 4206; x_wconf 80' lang='lat' dir='ltr'><strong>ratificatio</strong></span> <span class='ocrx_word' id='word_1_437' title='bbox 1237 4158 1300 4205; x_wconf 89' lang='lat' dir='ltr'><strong>non</strong></span> <span class='ocrx_word' id='word_1_438' title='bbox 1322 4143 1482 4220; x_wconf 90' lang='lat' dir='ltr'><strong>operatur.</strong></span> 
     </span>
    </p>

    <p class='ocr_par' dir='ltr' id='par_1_13' title="bbox 198 4240 1571 4744">
     <span class='ocr_line' id='line_1_37' title="bbox 286 4240 1569 4329; baseline 0.001 -24"><span class='ocrx_word' id='word_1_439' title='bbox 286 4240 315 4306; x_wconf 93' lang='grc'><strong>9.</strong></span> <span class='ocrx_word' id='word_1_440' title='bbox 339 4240 420 4321; x_wconf 84' lang='lat' dir='ltr'><strong>Quia</strong></span> <span class='ocrx_word' id='word_1_441' title='bbox 444 4244 477 4307; x_wconf 91' lang='lat' dir='ltr'><strong>in</strong></span> <span class='ocrx_word' id='word_1_442' title='bbox 500 4245 660 4310; x_wconf 63' lang='lat' dir='ltr'><strong>audentia</strong></span> <span class='ocrx_word' id='word_1_443' title='bbox 682 4245 835 4328; x_wconf 80' lang='lat' dir='ltr'><strong>Principis</strong></span> <span class='ocrx_word' id='word_1_444' title='bbox 856 4246 1000 4329; x_wconf 89' lang='lat' dir='ltr'><strong>obreptio</strong></span> <span class='ocrx_word' id='word_1_445' title='bbox 1026 4254 1074 4314; x_wconf 81' lang='lat' dir='ltr'><strong>ert</strong></span> <span class='ocrx_word' id='word_1_446' title='bbox 1102 4247 1309 4326; x_wconf 72' lang='lat' dir='ltr'><strong>detoetabssio,</strong></span> <span class='ocrx_word' id='word_1_447' title='bbox 1333 4246 1399 4311; x_wconf 79' lang='lat' dir='ltr'><strong>lar.</strong></span> <span class='ocrx_word' id='word_1_448' title='bbox 1422 4247 1457 4309; x_wconf 71' lang='grc' dir='ltr'><strong>ἐν</strong></span> <span class='ocrx_word' id='word_1_449' title='bbox 1481 4243 1509 4308; x_wconf 86' lang='lat' dir='ltr'><strong>ri.</strong></span> <span class='ocrx_word' id='word_1_450' title='bbox 1535 4241 1569 4306; x_wconf 84' lang='lat' dir='ltr'><strong>L.</strong></span> 
     </span>
     <span class='ocr_line' id='line_1_38' title="bbox 199 4347 1569 4440; baseline 0.005 -30"><span class='ocrx_word' id='word_1_451' title='bbox 199 4347 266 4412; x_wconf 78' lang='lat' dir='ltr'><strong>lieet</strong></span> <span class='ocrx_word' id='word_1_452' title='bbox 291 4367 322 4412; x_wconf 81' lang='grc' dir='ltr'><strong>νι.</strong></span> <span class='ocrx_word' id='word_1_453' title='bbox 346 4347 362 4411; x_wconf 96' lang='grc'>1</span> <span class='ocrx_word' id='word_1_454' title='bbox 388 4359 417 4414; x_wconf 84' lang='lat' dir='ltr'><strong>rt</strong></span> <span class='ocrx_word' id='word_1_455' title='bbox 438 4349 460 4413; x_wconf 87' lang='lat' dir='ltr'><strong>&#39;l</strong></span> <span class='ocrx_word' id='word_1_456' title='bbox 481 4356 629 4419; x_wconf 74' lang='lat' dir='ltr'><strong>carterii.</strong></span> <span class='ocrx_word' id='word_1_457' title='bbox 652 4353 743 4419; x_wconf 81' lang='lat' dir='ltr'><strong>Bolri.</strong></span> <span class='ocrx_word' id='word_1_458' title='bbox 764 4357 801 4419; x_wconf 80' lang='lat' dir='ltr'><strong>r&#39;rt</strong></span> <span class='ocrx_word' id='word_1_459' title='bbox 819 4355 854 4420; x_wconf 90' lang='lat' dir='ltr'><strong>L.</strong></span> <span class='ocrx_word' id='word_1_460' title='bbox 868 4371 1063 4436; x_wconf 79' lang='lat' dir='ltr'><strong>procurator</strong></span> <span class='ocrx_word' id='word_1_461' title='bbox 1077 4358 1183 4440; x_wconf 69' lang='lat' dir='ltr'><strong>(aiau</strong></span> <span class='ocrx_word' id='word_1_462' title='bbox 1198 4355 1338 4422; x_wconf 81' lang='lat' dir='ltr'><strong>rot1rr.</strong></span> <span class='ocrx_word' id='word_1_463' title='bbox 1360 4405 1368 4420; x_wconf 89' lang='grc'><em>.</em></span> <span class='ocrx_word' id='word_1_464' title='bbox 1390 4405 1398 4420; x_wconf 93' lang='grc'><em>.</em></span> <span class='ocrx_word' id='word_1_465' title='bbox 1421 4404 1430 4419; x_wconf 93' lang='grc'><em>.</em></span> <span class='ocrx_word' id='word_1_466' title='bbox 1451 4353 1517 4418; x_wconf 69' lang='lat' dir='ltr'><strong>rori</strong></span> <span class='ocrx_word' id='word_1_467' title='bbox 1532 4351 1569 4417; x_wconf 78' lang='grc' dir='ltr'><strong>αν</strong></span> 
     </span>
     <span class='ocr_line' id='line_1_39' title="bbox 198 4441 1569 4548; baseline 0.004 -29"><span class='ocrx_word' id='word_1_468' title='bbox 198 4456 288 4535; x_wconf 78' lang='lat' dir='ltr'><strong>fore,</strong></span> <span class='ocrx_word' id='word_1_469' title='bbox 308 4456 413 4525; x_wconf 79' lang='lat' dir='ltr'><strong>Jacob</strong></span> <span class='ocrx_word' id='word_1_470' title='bbox 435 4460 588 4528; x_wconf 71' lang='lat' dir='ltr'><strong>Laureae</strong></span> <span class='ocrx_word' id='word_1_471' title='bbox 610 4463 646 4527; x_wconf 79' lang='lat' dir='ltr'><strong>dr</strong></span> <span class='ocrx_word' id='word_1_472' title='bbox 664 4463 765 4545; x_wconf 71' lang='lat' dir='ltr'><strong>judic.</strong></span> <span class='ocrx_word' id='word_1_473' title='bbox 793 4473 925 4545; x_wconf 75' lang='lat' dir='ltr'><strong>respect.</strong></span> <span class='ocrx_word' id='word_1_474' title='bbox 956 4482 1026 4547; x_wconf 85' lang='lat' dir='ltr'><strong>cop.</strong></span> <span class='ocrx_word' id='word_1_475' title='bbox 1048 4441 1125 4530; x_wconf 67' lang='lat' dir='ltr'><strong>br.</strong></span> <span class='ocrx_word' id='word_1_476' title='bbox 1149 4464 1190 4531; x_wconf 92' lang='grc'>19</span> <span class='ocrx_word' id='word_1_477' title='bbox 1214 4484 1290 4530; x_wconf 82' lang='lat' dir='ltr'><strong>cers.</strong></span> <span class='ocrx_word' id='word_1_478' title='bbox 1321 4462 1459 4548; x_wconf 68' lang='lat' dir='ltr'><strong>iladprre</strong></span> <span class='ocrx_word' id='word_1_479' title='bbox 1482 4462 1569 4525; x_wconf 84' lang='grc' dir='ltr'><em>α’ναα</em></span> 
     </span>
     <span class='ocr_line' id='line_1_40' title="bbox 198 4569 1571 4656; baseline 0.004 -28"><span class='ocrx_word' id='word_1_480' title='bbox 198 4569 367 4648; x_wconf 67' lang='lat' dir='ltr'><strong>praefore,</strong></span> <span class='ocrx_word' id='word_1_481' title='bbox 380 4569 438 4648; x_wconf 87' lang='lat' dir='ltr'><strong>qui</strong></span> <span class='ocrx_word' id='word_1_482' title='bbox 452 4571 567 4656; x_wconf 72' lang='lat' dir='ltr'><strong>allegat</strong></span> <span class='ocrx_word' id='word_1_483' title='bbox 584 4573 676 4653; x_wconf 79' lang='lat' dir='ltr'><strong>Troo,</strong></span> <span class='ocrx_word' id='word_1_484' title='bbox 697 4579 730 4639; x_wconf 88' lang='lat' dir='ltr'><strong>et</strong></span> <span class='ocrx_word' id='word_1_485' title='bbox 752 4574 796 4639; x_wconf 92' lang='lat' dir='ltr'><strong>ibi</strong></span> <span class='ocrx_word' id='word_1_486' title='bbox 821 4572 936 4637; x_wconf 72' lang='lat' dir='ltr'><strong>laroc.</strong></span> <span class='ocrx_word' id='word_1_487' title='bbox 959 4575 995 4638; x_wconf 82' lang='lat' dir='ltr'><strong>in</strong></span> <span class='ocrx_word' id='word_1_488' title='bbox 1013 4589 1083 4656; x_wconf 80' lang='lat' dir='ltr'><strong>erp.</strong></span> <span class='ocrx_word' id='word_1_489' title='bbox 1097 4592 1137 4639; x_wconf 73' lang='lat' dir='ltr'><strong>erc</strong></span> <span class='ocrx_word' id='word_1_490' title='bbox 1152 4584 1246 4656; x_wconf 80' lang='grc' dir='ltr'><em>ραννν</em></span> <span class='ocrx_word' id='word_1_491' title='bbox 1261 4575 1386 4639; x_wconf 77' lang='lat' dir='ltr'><strong>Decem·</strong></span> <span class='ocrx_word' id='word_1_492' title='bbox 1401 4590 1478 4638; x_wconf 85' lang='lat' dir='ltr'><strong>verr.</strong></span> <span class='ocrx_word' id='word_1_493' title='bbox 1493 4571 1571 4654; x_wconf 78' lang='lat' dir='ltr'><strong>poio</strong></span> 
     </span>
     <span class='ocr_line' id='line_1_41' title="bbox 199 4677 549 4744; baseline 0.023 -8"><span class='ocrx_word' id='word_1_494' title='bbox 199 4689 270 4736; x_wconf 79' lang='lat' dir='ltr'><strong>erro</strong></span> <span class='ocrx_word' id='word_1_495' title='bbox 295 4684 375 4740; x_wconf 76' lang='lat' dir='ltr'><strong>ortr.</strong></span> <span class='ocrx_word' id='word_1_496' title='bbox 396 4677 432 4741; x_wconf 84' lang='lat' dir='ltr'><strong>ote</strong></span> <span class='ocrx_word' id='word_1_497' title='bbox 454 4696 549 4744; x_wconf 80' lang='lat' dir='ltr'><strong>rerer.</strong></span> 
     </span>
    </p>
   </div>
   <div class='ocr_carea' id='block_1_8' title="bbox 290 4782 1568 4878">
    <p class='ocr_par' dir='ltr' id='par_1_14' title="bbox 290 4782 1568 4878">
     <span class='ocr_line' id='line_1_42' title="bbox 290 4782 1568 4878; baseline 0.007 -33"><span class='ocrx_word' id='word_1_498' title='bbox 290 4782 341 4850; x_wconf 85' lang='lat' dir='ltr'><strong>rb.</strong></span> <span class='ocrx_word' id='word_1_499' title='bbox 361 4787 479 4866; x_wconf 79' lang='lat' dir='ltr'><strong>Tertio,</strong></span> <span class='ocrx_word' id='word_1_500' title='bbox 491 4790 670 4858; x_wconf 79' lang='lat' dir='ltr'><strong>declarator</strong></span> <span class='ocrx_word' id='word_1_501' title='bbox 690 4793 864 4858; x_wconf 78' lang='lat' dir='ltr'><strong>dummodo</strong></span> <span class='ocrx_word' id='word_1_502' title='bbox 885 4798 973 4878; x_wconf 79' lang='lat' dir='ltr'><strong>garta</strong></span> <span class='ocrx_word' id='word_1_503' title='bbox 989 4811 1044 4878; x_wconf 84' lang='lat' dir='ltr'><strong>per</strong></span> <span class='ocrx_word' id='word_1_504' title='bbox 1059 4794 1180 4861; x_wconf 88' lang='lat' dir='ltr'><strong>dictum</strong></span> <span class='ocrx_word' id='word_1_505' title='bbox 1196 4792 1308 4859; x_wconf 78' lang='lat' dir='ltr'><strong>falsum</strong></span> <span class='ocrx_word' id='word_1_506' title='bbox 1329 4795 1568 4876; x_wconf 84' lang='lat' dir='ltr'><strong>procuratorem</strong></span> 
     </span>
    </p>
   </div>
   <div class='ocr_carea' id='block_1_9' title="bbox 0 0 1889 5750">
    <p class='ocr_par' dir='ltr' id='par_1_15' title="bbox 0 0 1889 5750">
     <span class='ocr_line' id='line_1_43' title="bbox 0 0 1889 5750; baseline 0 0"><span class='ocrx_word' id='word_1_507' title='bbox 0 0 1889 5750; x_wconf 95' lang='lat' dir='ltr'><strong> </strong></span> 
     </span>
    </p>
   </div>
  </div>
 </body>
</html>
