3734 5750
292 385 315 447 8
703 382 922 452 ,auuovlcl
946 380 1067 451 CENCI
1090 384 1236 453 TRACT.

378 553 408 618 2.
430 557 623 620 Procurator
644 559 752 619 autem
772 553 863 636 juxta
887 554 1038 619 terminos
1059 559 1181 619 nostros
1202 555 1252 620 vel
1274 572 1292 620 a
1316 554 1397 640 lege,
1420 552 1467 622 vel
1483 556 1522 621 ab
1537 556 1663 622 bomine

291 664 474 731 mandatum
497 663 600 737 babet
622 664 782 743 Siquidem
805 664 912 746 alege
936 664 961 727 is
983 664 1166 727 mandatum
1189 662 1304 728 babere
1327 664 1446 729 dicitur
1467 666 1518 729 cui
1542 683 1559 729 a
1579 666 1663 748 iure,

288 775 404 855 absque
428 773 509 837 lacto
531 772 684 851 bominis,
708 776 844 854 potestas
865 790 901 835 ac
922 772 1053 836 acuas
1074 771 1170 837 datur
1185 771 1321 852 aliquem
1336 772 1519 837 defendendi
1542 776 1607 837 mm
1630 773 1661 835 in
1705 828 1709 835 .

289 882 405 966 judicio
421 899 516 962 quam
539 886 644 959 extra,
666 885 700 945 et
721 880 803 944 illius
824 882 954 963 negocia
977 880 1106 963 gerendi
1129 886 1162 944 et
1184 882 1263 947 bona
1278 883 1531 963 administrandi3
1546 882 1662 964 dequo

287 993 429 1057 dicemus
452 1008 527 1054 mox
549 1007 614 1072 cap.
638 991 795 1070 sequenti,
817 990 882 1067 ubi,
904 991 1019 1069 quibus
1041 990 1181 1074 personis
1203 991 1264 1056 tale
1287 992 1469 1057 mandatum
1491 995 1533 1057 sit
1554 1011 1571 1058 a
1595 995 1663 1078 lege

290 1100 463 1177 tributum,
486 1098 668 1163 videbimus.

380 1205 409 1271 3.
433 1206 482 1270 Ab
504 1204 631 1269 bomine
652 1211 759 1272 autem
780 1210 972 1272 Procurator
1000 1208 1219 1286 constituitur,
1242 1210 1295 1272 cui
1323 1210 1430 1273 similis
1459 1216 1596 1292 potestas
1624 1213 1662 1275 ab

286 1316 414 1382 bomine
437 1314 532 1379 datur
553 1318 586 1379 et
608 1316 798 1398 conceditur.

377 1422 492 1513 telate
514 1430 621 1490 autem
644 1425 691 1489 vel
714 1427 753 1490 ab
774 1425 878 1506 aliqua
901 1425 1121 1503 universitate,
1143 1442 1291 1507 corpore,
1313 1431 1371 1491 aut
1394 1425 1550 1509 Collegio,
1573 1423 1620 1487 vel
1643 1440 1661 1485 a

286 1535 495 1619 peculiaribus
517 1534 656 1615 personis
677 1534 889 1598 constituitur.

378 1645 407 1706 5.
428 1641 461 1707 Si
482 1644 521 1707 ab
553 1642 761 1708 Universitate
791 1661 863 1707 cum
895 1642 1030 1726 generali
1060 1642 1206 1707 mandato
1232 1647 1266 1707 et
1297 1642 1433 1726 generali
1462 1643 1660 1709 administra-

286 1758 371 1822 tione
392 1754 622 1830 constituatur,
643 1752 696 1816 sed
717 1752 757 1815 ad
780 1769 886 1816 causas
908 1756 942 1816 et
963 1752 1091 1835 negocia
1113 1750 1221 1815 lutura
1244 1751 1428 1829 dumtaxat,
1450 1750 1568 1817 dicitur
1591 1753 1660 1818 Sin-

287 1864 392 1941 dicus3
413 1862 462 1926 sin
483 1879 557 1926 vero
586 1861 799 1927 constituatur
828 1877 901 1924 cum
930 1859 1199 1925 administratione
1230 1860 1367 1942 generali
1397 1880 1458 1925 non
1488 1861 1591 1925 solum
1619 1862 1658 1926 ad

284 1988 393 2036 causas
415 1973 448 2033 et
469 1968 598 2052 negocia
619 1969 742 2045 lutura,
764 1968 817 2032 sed
839 1968 988 2032 etiamad
1004 1969 1192 2050 praesentia,
1214 1969 1262 2031 vel
1277 1969 1316 2033 ad
1335 1988 1430 2035 unam
1444 1975 1569 2035 tantum
1584 1988 1659 2034 cau-

286 2100 368 2158 sam,
390 2079 437 2143 vel
468 2078 507 2142 ad
538 2097 638 2142 unum
669 2077 835 2160 negocium
867 2076 1050 2154 dumtaxat,
1081 2075 1198 2140 dicitnr
1229 2080 1346 2155 Actor,
1370 2074 1451 2141 Glos.
1475 2080 1511 2140 lo
1533 2077 1569 2141 L.
1594 2076 1610 2139 1
1634 2075 1658 2162 S

282 2189 397 2272 quibus
417 2194 526 2250 uatem
544 2184 576 2267 ff
593 2186 677 2267 qood
706 2184 859 2267 cujusque
888 2187 1025 2250 enices.
1055 2202 1157 2260 acm„
1186 2194 1213 2247 et
1243 2187 1278 2248 in
1308 2185 1343 2249 L.
1363 2186 1416 2267 fin.
1438 2182 1462 2269 §
1484 2187 1659 2267 defessores

279 2297 365 2380 Μ
386 2311 511 2363 ,muner
534 2303 561 2357 et
585 2295 704 2371 bonor,
726 2298 760 2359 et
780 2293 842 2357 luit
862 2292 983 2357 dictum
1006 2293 1038 2356 in
1060 2293 1256 2374 praecedenti
1276 2294 1386 2375 capite

371 2401 402 2467 6.
424 2403 546 2468 Verum
575 2403 648 2483 quia
679 2404 755 2466 istae
785 2418 890 2480 voces,
921 2407 959 2465 ut
988 2402 1161 2483 plurimum
1192 2402 1224 2464 in
1251 2401 1322 2481 jure
1350 2405 1384 2465 et
1412 2400 1657 2465 ascribentibus

281 2510 534 2587 contunduntur,
556 2514 589 2574 et
611 2510 806 2591 promiscuae
828 2514 1040 2590 usurpantur3
1062 2528 1118 2574 nos
1139 2510 1197 2573 sub
1218 2510 1343 2573 nomine
1359 2509 1473 2575 Sindici
1487 2514 1656 2590 utramque

280 2621 485 2701 accipiemus,
509 2619 547 2683 de
570 2618 653 2684 illius
682 2620 854 2696 creatione,
876 2618 1024 2682 facultate
1044 2623 1077 2681 et
1107 2618 1208 2681 officio
1239 2635 1303 2699 cap.
1336 2617 1381 2683 Vl
1413 2635 1486 2682 cum
1516 2619 1656 2698 quinque

280 2731 484 2810 sequentibus
506 2729 567 2793 late
590 2734 726 2812 agentes.

369 2837 400 2903 7.
424 2842 453 2904 Α
474 2836 715 2920 particularibus
737 2841 843 2903 autem
866 2836 1006 2919 personis
1028 2836 1242 2917 constituitur,
1264 2839 1311 2903 vel
1333 2838 1372 2903 ad
1394 2839 1463 2905 lites
1484 2843 1517 2903 et
1538 2855 1654 2914 causas,

281 2949 328 3013 vel
351 2949 391 3013 ad
413 2948 540 3029 negocia
563 2950 654 3010 extra
675 2946 830 3027 judicium
855 2945 1072 3027 pertractanda
1094 2949 1127 3009 et
1148 2947 1338 3029 peragenda,
1369 2952 1407 3012 ut
1432 2947 1592 3031 colligitur
1613 2965 1654 3011 ex

284 3062 370 3124 Tem.
393 3059 427 3120 in
450 3073 519 3135 cap.
543 3051 560 3115 1
584 3052 648 3138 §t
674 3064 781 3136 etseq.
799 3054 915 3134 juncta
941 3052 1036 3119 Gloss.
1060 3054 1096 3117 de
1121 3055 1255 3118 Precor.
1278 3056 1326 3118 lib.
1349 3054 1378 3118 6.

370 3161 400 3228 8.
423 3165 485 3228 lste
515 3168 622 3227 autem
652 3163 858 3228 constituitur
895 3162 942 3226 vel
979 3181 1052 3226 cnm
1096 3162 1232 3246 generali
1269 3161 1415 3226 mandato
1452 3168 1486 3228 et
1517 3162 1653 3246 generali

282 3274 425 3339 omnium
447 3288 611 3336 causarum
634 3276 667 3335 et
688 3273 891 3354 negociorum
922 3270 1210 3349 administratione,
1232 3270 1280 3334 vel
1296 3271 1418 3353 speciali
1434 3290 1506 3337 curn
1520 3272 1653 3338 admini-

223 3381 227 3387 “
281 3380 432 3445 stratione
455 3379 550 3443 unius
571 3395 681 3443 causae
704 3383 737 3442 et
759 3380 852 3443 unius
875 3379 997 3462 negocii
1020 3379 1204 3458 dumtaxat,
1227 3379 1263 3443 L.
1281 3377 1297 3440 1
1314 3382 1348 3443 in
1360 3383 1464 3461 princ.
1476 3381 1507 3464 ff
1516 3381 1552 3445 de
1569 3382 1652 3446 Pro-

282 3497 399 3568 carot,
422 3488 457 3552 b
481 3490 509 3552 ai
532 3487 731 3554 Procurator
764 3485 798 3553 G.
829 3505 862 3550 eo
890 3487 962 3563 Tic,
987 3488 1022 3551 L.
1046 3490 1074 3552 si
1102 3505 1172 3551 oero
1196 3505 1262 3550 nors
1282 3489 1512 3552 ranuneruodi
1531 3486 1555 3573 S
1577 3506 1652 3551 corr·

279 3598 381 3663 traria
401 3596 432 3679 ff
449 3596 572 3671 maed,
597 3596 632 3660 L.
652 3613 725 3659 aero
750 3596 963 3659 Procuratori
981 3595 1012 3677 ll
1028 3597 1066 3658 de
1088 3596 1178 3658 solut.

367 3703 399 3768 9.
413 3702 574 3769 Generalis
588 3708 694 3768 autem
709 3702 938 3768 administratio
953 3704 1080 3767 concedi
1095 3707 1198 3784 potest
1211 3722 1273 3767 non
1289 3705 1389 3769 solum
1405 3703 1438 3767 in
1454 3704 1650 3785 judicialibus

279 3812 483 3879 Procuratori
513 3812 685 3876 constituto
707 3811 746 3875 ad
769 3812 837 3875 lites
859 3815 892 3876 et
915 3829 1036 3890 causas,
1058 3811 1159 3876 dando
1190 3812 1232 3874 illi
1263 3812 1439 3894 generalem
1460 3819 1494 3879 et
1514 3813 1648 3896 amplam

279 3923 311 3986 in
332 3922 476 3986 omnibus
497 3920 598 3985 causis
619 3924 805 4001 potestatem
825 3925 858 3984 et
882 3921 1061 3984 facultatem
1081 3919 1203 4001 juribus
1225 3920 1373 4002 allegatis,
1394 3921 1556 3986 sedetiam
1571 3922 1649 3985 Pro

277 4030 417 4094 curatori
439 4028 612 4092 constituto
633 4029 673 4091 ad
695 4029 822 4110 negocia
844 4031 937 4092 extra
958 4028 1110 4109 judicium
1132 4028 1326 4114 explicanda,
1342 4028 1377 4093 L.
1401 4028 1417 4093 1
1443 4033 1478 4095 irs
1497 4033 1599 4111 princ.
1621 4039 1648 4093 et

279 4138 320 4202 tbi
342 4135 439 4202 Gloss.
459 4136 490 4218 ff
507 4136 543 4199 de
567 4136 736 4199 Praeerat.

371 4239 420 4305 10.
442 4244 549 4306 Potest
569 4241 665 4306 etiam
689 4244 819 4323 utrique
842 4247 969 4310 concedi
998 4246 1127 4310 lacnltas
1157 4246 1301 4311 restricta
1323 4251 1356 4312 et
1377 4247 1510 4312 limitata
1532 4246 1571 4311 ad
1592 4245 1649 4308 ali·

274 4367 374 4429 quam
397 4354 514 4414 certam
537 4368 661 4416 causam
677 4351 723 4416 vel
738 4352 864 4432 aliquod
880 4360 1003 4419 certum
1019 4356 1194 4438 negocium,
1213 4355 1326 4422 Sabou.
1349 4357 1479 4420 Vacuus
1494 4357 1530 4419 iu
1549 4358 1649 4421 Truct.

278 4461 623 4525 debellatoribus
653 4462 756 4524 bullit.
787 4480 826 4524 eu
855 4463 963 4544 defeat.
994 4463 1146 4526 inhabilit.
1177 4481 1231 4526 seu
1262 4463 1370 4526 Manat
1400 4483 1431 4527 a.
1459 4462 1538 4528 lod:
1565 4465 1648 4528 unde

277 4568 403 4633 videtur
423 4568 549 4650 probari
572 4568 621 4632 illa
638 4568 802 4633 ,distinctio
826 4569 909 4649 quod
933 4569 1115 4636 mandatum
1138 4575 1186 4634 est
1209 4570 1256 4634 vel
1278 4570 1421 4653 generale
1442 4571 1490 4634 vel
1512 4571 1649 4652 speciale.

369 4673 418 4739 ll
441 4676 484 4740 Et
504 4675 645 4755 quamvis
666 4675 762 4756 aliqui
786 4677 913 4741 tertiam
937 4676 1053 4742 addant
1075 4680 1222 4760 speeiem,
1245 4680 1360 4745 seilicet
1382 4680 1563 4746 mandatum
1585 4681 1648 4744 sin·

279 4784 387 4867 gulare
417 4801 471 4849 seu
502 4782 712 4863 individuum,
735 4790 773 4850 ut
801 4785 885 4867 apud
915 4784 1007 4849 Bata
1039 4805 1121 4850 coos.
1153 4785 1215 4852 110
1246 4791 1300 4852 col.
1323 4787 1344 4849 2
1371 4798 1445 4853 orate
1475 4790 1551 4852 med.
1572 4805 1648 4850 cers.

275 4900 441 4972 praecem
464 4894 518 4955 isle
543 4892 710 4957 Praeerat.
733 4895 780 4957 lib
806 4892 834 4973 1,
857 4893 941 4961 Natt.
962 4914 1045 4961 coos.
1061 4893 1126 4961 633
1142 4917 1172 4961 rr.
1191 4893 1231 4958 17
1246 4899 1294 4962 lib.
1309 4893 1346 4976 la,
1369 4899 1482 4979 Josepb
1497 4897 1648 4963 badonici
