3734 5750
506 413 560 477 DE
583 406 967 476 Pnocuuuroulnus.
988 408 1076 474 CAP.
1099 409 1204 475 XXX.
1472 411 1533 477 149

267 578 317 645 22
338 579 369 645 Si
391 582 497 641 autem
521 577 651 639 velimus
673 575 759 655 sequi
781 573 956 655 opinionem
988 572 1085 637 Bnldi
1113 573 1261 637 debemus
1283 574 1365 637 illum
1394 575 1534 657 pluribus

185 689 279 754 rrodis
308 687 514 768 restringere:
536 689 569 748 et
590 683 691 765 primo
714 683 739 746 si
764 686 919 749 constaret
940 682 978 745 de
1002 681 1163 759 mandato,
1193 682 1244 745 sed
1267 682 1466 748 dubitaretur
1496 684 1534 748 de

184 800 282 878 aliqua
303 800 369 879 ejus
388 794 558 875 qualitate,
580 808 651 854 uam
673 790 722 853 illa
744 790 783 854 ob
813 790 961 870 temporis
983 789 1227 853 diuturnitatem
1258 790 1416 871 praesumi
1447 790 1534 853 lacile

184 912 299 987 posset,
322 905 393 968 Dec.
415 919 498 965 cons.
520 898 584 964 297
605 919 636 962 u.
657 896 786 961 4111111
805 901 908 979 prior.
929 917 1006 962 cers.
1028 909 1055 962 et
1077 901 1153 980 quio
1178 900 1270 975 dcto,
1293 900 1424 963 decimu
1447 916 1531 961 cons.

182 1010 223 1074 66
246 1031 277 1075 a.
303 1008 343 1073 18
365 1011 406 1073 od
426 1012 479 1093 fin.
501 1018 528 1071 et
551 1010 641 1090 infru
665 1007 712 1070 lib.
735 1005 755 1069 5
777 1005 911 1070 Beroius
934 1026 1016 1069 cons.
1043 1003 1106 1069 104
1127 1026 1157 1069 rt.
1180 1006 1201 1070 9
1225 1016 1252 1071 11
1278 1006 1317 1070 15
1341 1008 1389 1071 lib.
1411 1003 1439 1070 3.

269 1117 321 1183 23.
343 1119 421 1181 Nam
444 1116 562 1180 lucilius
581 1115 792 1197 praesumitur
821 1114 953 1194 qualitas
975 1131 1069 1194 quum
1091 1114 1278 1193 substantia,
1303 1119 1339 1179 ut
1361 1115 1534 1178 multorum

182 1228 372 1291 auctoritate
395 1224 498 1287 firmat
520 1223 602 1287 urm.
627 1220 698 1286 Seu.
719 1238 800 1284 cous.
824 1217 891 1284 264
913 1240 944 1284 n.
970 1219 1011 1282 12
1034 1222 1081 1285 lib.
1104 1221 1135 1299 2,
1158 1223 1229 1286 Dec.
1245 1240 1325 1286 cons.
1341 1219 1406 1286 442
1425 1242 1456 1286 n.
1478 1222 1536 1301 22,

182 1343 281 1417 atque
308 1335 379 1399 hinc
409 1332 528 1396 dicebat
559 1330 654 1394 Rutu.
685 1348 767 1392 cons.
798 1327 842 1392 35
872 1326 1037 1392 1120111.
1063 1328 1100 1407 1,
1122 1331 1205 1409 quod
1230 1331 1301 1394 licet
1322 1332 1362 1395 ob
1388 1332 1537 1413 temporis

45 1500 47 1507 ,
183 1441 423 1506 diuturnitatem
444 1456 503 1501 nou
526 1440 746 1520 praesumatur
769 1436 971 1511 mandatum,
1002 1437 1125 1518 quando
1158 1442 1261 1502 tamen
1283 1439 1322 1503 de
1342 1457 1379 1503 eo
1401 1446 1537 1518 constat,

182 1547 236 1609 sed
259 1546 365 1628 agitur
395 1544 546 1608 de.illins
576 1544 775 1617 extensione,
798 1561 837 1606 an
867 1544 982 1608 scilicet
1012 1547 1052 1610 sit
1082 1548 1313 1611 extendendum
1341 1548 1379 1611 ad
1402 1548 1536 1629 aliquem

181 1659 304 1731 actum,
327 1654 382 1718 ista
406 1653 539 1733 qualitas
562 1652 602 1715 ob
624 1653 774 1733 temporis
796 1651 915 1732 lapsum
938 1654 1158 1735 praesumitur.

268 1757 406 1826 2411111
437 1778 478 1825 ex
509 1761 699 1841 inspectione
729 1760 926 1824 instrumenti
960 1761 1057 1842 ipsius
1088 1760 1223 1824 mandati
1246 1761 1336 1824 aliter
1363 1763 1539 1833 constaret,

182 1877 257 1936 tunc
287 1870 370 1934 enim
401 1871 441 1932 ob
472 1867 622 1948 temporis
652 1867 747 1931 etiam
778 1868 947 1950 longissimi
980 1867 1221 1932 diuturnitatem
1254 1867 1322 1931 talis
1352 1866 1484 1946 qualitas
1505 1868 1539 1927 et
1634 1913 1638 1921 .

179 1978 358 2041 solemnitas
380 1993 441 2038 non
463 1978 732 2056 praesumeretur,
754 1980 792 2039 ut
814 1975 941 2039 deducit
963 1974 1050 2039 Aleon
1072 1990 1155 2040 cons.
1180 1973 1197 2037 1
1222 1994 1254 2038 n.
1277 1973 1319 2038 26
1342 1975 1390 2039 111.
1412 1969 1442 2039 4.

271 2081 324 2146 26.
345 2074 495 2149 Similiter
515 2082 540 2145 si
562 2085 717 2147 constaret
738 2082 865 2162 quidem
887 2082 924 2146 de
947 2082 1092 2148 mandato
1114 2084 1165 2147 sed
1182 2100 1242 2145 uon
1259 2086 1423 2164 appareret
1444 2097 1540 2161 nego-

176 2195 267 2256 cium
292 2191 473 2255 mandatum
503 2189 597 2253 luisse
628 2194 749 2271 gestum
771 2206 844 2253 cnm
866 2206 1014 2254 consensu
1045 2190 1191 2272 alicujus,
1215 2189 1270 2269 qni
1293 2206 1350 2271 pro
1381 2187 1480 2251 torma
1510 2187 1541 2248 in

176 2298 389 2380 explicatione
418 2297 493 2362 dicti
523 2296 643 2379 negocii
675 2296 889 2375 requireretur
910 2298 951 2360 ob
973 2299 1121 2378 temporis
1142 2297 1383 2361 diuturnitatem
1410 2314 1540 2378 praesu-

178 2402 333 2467 mendum
357 2407 435 2467 esset
460 2403 554 2467 talem
578 2419 760 2468 consensum
776 2404 869 2469 misse
883 2404 1130 2483 adhibitum‚nt
1145 2405 1272 2469 deducit
1287 2407 1386 2471 Ruta.
1401 2424 1483 2469 cous.
1498 2399 1539 2466 41

182 2531 213 2574 u.
237 2509 279 2572 19
302 2509 351 2573 lib.
377 2507 413 2587 1,
434 2529 475 2574 ex
498 2511 636 2591 ratione,
659 2513 732 2591 quia
764 2530 804 2575 er
835 2513 887 2575 illo
911 2530 1060 2576 consensu
1089 2530 1149 2575 non
1172 2514 1324 2577 tribuitur
1346 2516 1482 2594 potestas
1502 2509 1543 2573 de

183 2638 279 2696 novo,
303 2619 355 2683 sed
377 2618 543 2683 adhibetur
564 2619 602 2681 ad
625 2618 885 2682 solemnizandum
908 2623 1094 2700 potestatem
1116 2619 1204 2701 prius
1226 2621 1461 2700 competentem.

272 2723 325 2788 26.
345 2722 427 2802 Quia
449 2725 503 2788 ubi
525 2725 595 2806 quis
614 2729 717 2806 potest
732 2729 838 2789 actum
855 2742 973 2807 gerere,
988 2726 1026 2788 ad
1043 2727 1129 2790 illum
1145 2725 1312 2791 dumtaxat
1326 2725 1443 2790 dicitur
1457 2728 1545 2788 octus
1576 2756 1578 2760 Α

184 2832 233 2896 ille
256 2832 594 2915 pertinere,'quamvis
623 2848 805 2896 consensum
836 2831 966 2897 ulterius
987 2836 1132 2898 tenentur
1162 2835 1342 2914 requirere,
1365 2833 1441 2898 adeo
1462 2832 1545 2914 quod

184 2938 284 3002 etiam
306 2938 343 3002 ad
364 2940 470 3004 ambos
491 2940 699 3004 communiter
721 2958 781 3004 nou
805 2940 1112 3022 diciturpertinere,
1127 2946 1164 3007 ut
1183 2946 1327 3006 notanter
1348 2942 1546 3023 probatorio

185 3064 257 3126 cop.
284 3044 300 3108 1
324 3065 362 3110 ne
383 3047 451 3110 sede
473 3056 596 3113 cocum.
619 3048 669 3111 tib.
690 3045 729 3125 6,
751 3052 784 3113 et
814 3049 852 3112 ad
884 3048 943 3112 boc
975 3048 1060 3112 illum
1085 3054 1148 3113 tex.
1175 3049 1287 3131 alleget
1318 3048 1505 3111 Doruinicus
1526 3063 1548 3106 n

188 3149 308 3216 Sancto
330 3152 575 3218 Gemiuicno'iu
597 3174 665 3236 cop.
690 3174 762 3219 com
785 3159 820 3219 in
842 3158 905 3221 illis
920 3152 944 3241 §
958 3159 1009 3237 flu.
1024 3159 1079 3221 col.
1104 3155 1132 3233 1,
1155 3157 1191 3220 de
1208 3156 1354 3237 praeben.
1369 3156 1432 3219 eod.
1454 3151 1547 3219 1166.

274 3258 324 3325 27.
349 3262 422 3327 ldeo
443 3264 513 3328 talis
534 3280 699 3329 ccusemru
721 3282 779 3346 pro
800 3264 899 3329 forma
923 3265 1115 3329 adhibendus
1137 3281 1177 3328 ex
1200 3258 1407 3329 dintumitate
1425 3268 1547 3343 tempo

187 3369 230 3432 ris
245 3373 476 3450 praesumitur,
491 3372 543 3436 sed
560 3372 592 3436 in
607 3371 752 3435 mandato
768 3390 855 3436 secus
875 3390 932 3454 per
955 3373 1039 3453 quod
1061 3376 1197 3454 potestas
1217 3371 1255 3435 de
1278 3388 1356 3435 novo
1378 3368 1547 3442 tribuitur,

187 3475 262 3553 quia
284 3481 359 3540 tunc
381 3495 440 3541 non
462 3480 570 3562 agitur
585 3478 623 3542 de
645 3480 848 3558 solemnitate,
862 3482 914 3544 sed
937 3482 975 3544 de
996 3479 1195 3563 dispositione
1216 3497 1293 3545 nova
1315 3477 1547 3561 praesumenda,

189 3585 228 3643 ut
251 3599 308 3661 per
328 3584 402 3648 boec
425 3587 515 3650 verba
539 3585 697 3651 concludit
720 3588 818 3651 Rota.
840 3589 868 3650 d.
890 3607 921 3653 a.
946 3586 995 3653 19.

280 3688 331 3753 28.
353 3694 453 3758 Prout
473 3695 568 3758 etium
590 3695 616 3758 si
631 3694 787 3777 probanda
809 3701 890 3760 esset
910 3714 972 3759 non
993 3698 1164 3762 substantia
1187 3697 1333 3775 mandati,
1347 3698 1399 3761 sed
1415 3696 1550 3761 ratifica-

189 3795 234 3857 tio
251 3803 413 3879 gestorum
428 3817 483 3882 per
505 3802 606 3884 ipsum
628 3801 880 3884 procuratorem,
904 3809 980 3869 tunc
1003 3823 1044 3869 ex
1066 3806 1216 3887 temporis
1235 3806 1445 3870 diuturnitate
1459 3818 1549 3886 prae

187 3906 329 3987 sumptio
353 3908 422 3972 talis
443 3910 657 3975 ratitlmtionis
679 3910 766 3973 lacile
788 3912 983 3995 insurgeret,
1000 3911 1092 3977 Creu.
1113 3915 1150 3976 dc
1171 3916 1267 3995 antiq.
1289 3921 1379 3992 temp.
1391 3907 1499 3991 pact
1520 3927 1550 3969 c.

188 4009 240 4087 66,
265 4012 342 4077 an.
365 4016 400 4078 in
422 4017 467 4079 tit.
489 4017 525 4079 dc
545 4035 672 4098 procur.
694 4020 790 4083 concl.
814 4017 830 4080 1
849 4040 880 4083 u.
897 4015 948 4094 14,
972 4020 1145 4085 Lodooicos
1167 4022 1203 4085 de
1226 4019 1397 4086 Gozodinis
1412 4035 1493 4082 coos.
1511 4014 1550 4078 11

189 4136 220 4181 u.
246 4117 297 4184 16.

278 4229 331 4297 29.
355 4234 420 4298 lloc
444 4239 548 4299 tamen
570 4236 653 4314 quod
675 4237 713 4299 de
736 4237 958 4319 praesumenda
990 4239 1193 4303 ratificatione
1222 4238 1344 4303 dictum
1375 4240 1439 4314 est,
1461 4235 1553 4299 debet

189 4340 342 4423 intelligi,
364 4359 436 4406 cum
454 4344 569 4427 ¹agitur
589 4344 628 4406 de
650 4345 771 4409 modico
794 4346 1001 4428 praejudicio,
1024 4351 1062 4411 ut
1084 4351 1154 4428 post
1179 4345 1243 4409 Jcs.
1265 4359 1347 4406 coos.
1371 4337 1433 4405 146
1455 4344 1509 4405 col.
1531 4335 1552 4401 3

190 4443 238 4509 ttb.
261 4444 287 4510 4
309 4448 445 4514 declarat
459 4446 607 4514 Menesi.
629 4469 710 4515 cons.
734 4449 753 4513 1
776 4470 807 4515 n.
830 4450 970 4517 8211111.
994 4472 1072 4517 uam
1095 4455 1152 4516 too
1174 4451 1223 4515 lib.
1250 4449 1276 4514 1.

279 4551 333 4619 30.
354 4554 527 4622 Limitatur
547 4557 694 4637 secundo,
717 4560 743 4623 si
764 4577 894 4641 persona
917 4578 997 4641 quae
1020 4561 1114 4645 gessit
1136 4563 1241 4624 actum
1265 4565 1423 4642 tamquam
1439 4577 1551 4642 procu-

191 4664 288 4737 rator,
311 4643 360 4726 sit¹
375 4664 445 4727 talis
466 4683 524 4747 pro
545 4684 606 4747 qua
630 4673 858 4749 praesumatur,
882 4667 981 4735 llario.
1004 4669 1032 4732 d.
1055 4686 1137 4731 coos.
1159 4665 1202 4731 35
1224 4689 1255 4733 u.
1278 4668 1318 4732 21
1343 4670 1392 4736 tit.
1416 4669 1442 4733 1.

282 4791 301 4829 a
326 4771 510 4837 blandatnm
533 4775 683 4856 probatur
713 4793 753 4840 ex
786 4794 844 4842 usu
877 4777 990 4856 ipsius,
1023 4776 1092 4839 Rot.
1123 4777 1211 4840 decis.
1238 4775 1298 4841 rer
1322 4798 1352 4842 n.
1376 4775 1418 4840 211
1439 4774 1552 4858 pontt

192 4887 264 4943 tom.
292 4876 307 4941 1
336 4881 457 4946 necem.
