3734 5750
320 318 382 394 Μ
740 321 940 390 huboisin
961 320 1081 389 cunni
1095 320 1250 390 3111191.

403 493 455 559 22
476 493 596 573 Quinto
618 495 782 571 minem,
797 497 834 558 nt
857 493 916 558 iste
939 496 1127 573 procurator
1145 493 1347 572 quantumvis
1370 493 1522 576 generalis
1536 512 1597 559 non
1618 494 1677 561 ud-
1746 556 1749 561 ⁴

317 606 465 671 mittatur
488 601 520 669 in
544 602 664 667 mnibus
685 606 718 666 et
740 601 840 667 musis
862 598 1034 679 inquibus
1052 616 1109 682 per
1128 598 1230 682 legem
1252 599 1299 663 vel
1319 604 1475 667 statutum
1497 603 1677 683 requiritur

317 708 489 792 praesentia
511 708 700 789 mandantis,
721 713 755 774 et
776 710 839 791 ipse
861 706 1062 790 personaliter
1083 707 1187 773 adesa
1209 707 1318 785 debet,
1340 725 1408 790 cop.
1427 711 1481 791 fio.
1503 706 1527 796 S
1552 708 1570 774 1
1595 723 1676 777 sote.

316 820 355 886 de
376 820 449 902 offic.
469 817 613 899 oleron,
635 835 728 899 quem
753 817 828 882 Teo.
849 816 892 881 od·
902 816 963 881 hoc
972 815 1054 881 dicit
1063 831 1250 898 cupressum
1266 813 1394 882 Oscsclt.
1409 815 1580 884 decis.¹113
1605 819 1678 884 112

234 924 236 929 ’
318 939 346 993 et
369 922 931 1011 n.53‚n.1§maaroneoeoe
954 924 1195 1001 codneitollen„
1218 922 1282 991 Ios
1303 924 1339 987 io
1362 922 1475 1009 MS
1496 927 1580 1007 qaod
1601 928 1678 991 siin

317 1038 420 1118 patris
442 1054 473 1098 o.
496 1032 534 1113 3,
555 1039 588 1101 et
608 1034 650 1099 ibl
674 1033 759 1115 Ripa
781 1052 812 1097 n.
833 1031 855 1094 7
874 1032 905 1115 ff
921 1032 975 1096 sol.
996 1040 1109 1109 nacta,
1142 1030 1229 1101 Port-
1260 1030 1352 1099 Ianol.
1373 1032 1408 1094 io
1429 1049 1500 1113 cop.
1522 1051 1597 1096 casm
1615 1051 1677 1115 po-

318 1146 398 1219 roti,·
420 1150 453 1208 et
475 1143 518 1207 ibi
542 1143 613 1207 Dec.
635 1152 765 1222 uterque
787 1136 857 1204 osi
878 1149 957 1206 cair.
979 1141 1016 1204 de
1029 1142 1157 1221 oppos,
1180 1137 1310 1209 Boresti.
1327 1157 1408 1204 emes.
1421 1136 1466 1203 73
1481 1160 1513 1205 η.
1527 1138 1679 1207 2211111.

405 1248 671 1315 2311311191]
701 1249 847 1314 limitatio
877 1234 970 1313 debet
1001 1249 1186 1315 sublimitari
1216 1248 1338 1331 primo,
1370 1252 1408 1313 ut
1438 1264 1500 1317 non
1529 1252 1678 1333 procedat

268 1433 271 1441 ,
318 1358 442 1440 quondo
463 1356 610 1422 mandans
631 1357 670 1421 ob
692 1356 870 1440 legitimum
889 1356 1148 1439 impedimentum
1164 1375 1226 1422 uon
1240 1360 1344 1438 posset
1364 1373 1553 1438 comparere,
1569 1356 1678 1438 dopo.

321 1472 357 1533 io
378 1467 415 1533 L
438 1466 633 1547 Pomponius
654 1467 691 1528 io
709 1467 815 1546 princ.
837 1484 868 1529 n.
893 1462 910 1526 1
932 1463 1015 1546 ffda
1034 1482 1176 1546 procas„
1198 1463 1282 1528 Aret.
1302 1465 1339 1526 ic
1361 1481 1429 1545 cop.
1451 1463 1519 1527 licet
1541 1480 1582 1527 esc
1596 1481 1678 1546 prm-

318 1578 392 1641 dom
412 1577 447 1637 ia
469 1570 491 1637 8
513 1573 613 1637 octob.
637 1572 906 1647 condustrio,
941 1573 1056 1638 Decius
1086 1573 1141 1653 qui
1164 1572 1202 1637 de
1224 1571 1382 1637 communi
1404 1572 1440 1634 io
1461 1571 1489 1635 rt
1512 1588 1581 1650 cop.
1604 1589 1677 1633 com
1769 1558 1773 1566 '

316 1687 427 1769 parati
449 1705 481 1748 n.
502 1680 533 1748 ll.

363 1832 366 1845 .
407 1786 458 1855 21.
479 1790 698 1869 sublimitatus
719 1790 863 1867 secundo,
877 1790 934 1855 nisi
956 1789 1153 1854 sdversarius
1174 1787 1364 1853 consentiret
1378 1790 1415 1853 ut
1429 1793 1609 1869 compareat
1623 1805 1677 1869 per

320 1901 482 1988 medalem
503 1904 758 1982 procuratorem,
780 1897 876 1964 Gloss.
898 1900 934 1962 io
958 1898 986 1961 d.
1008 1914 1076 1978 cop.
1096 1897 1149 1980 fin.
1171 1892 1194 1981 S
1221 1893 1237 1957 1
1262 1897 1297 1958 ia
1315 1893 1394 1959 verb.
1408 1894 1677 1975 prooemialiter.

319 2011 414 2078 stibi
436 2008 507 2074 Add.
532 2008 784 2072 Panormitcnus
805 2009 841 2071 io
867 2006 883 2069 1
907 2006 1010 2070 octob
1032 2005 1067 2069 de
1089 2006 1164 2088 offic.
1185 2004 1288 2083 deleo,
1305 1999 1432 2066 Oscsclc
1453 2001 1482 2065 d.
1503 2000 1593 2071 decis.
1617 1994 1677 2061 113

321 2141 353 2186 o.
376 2118 407 2184 3.
1116 2154 1119 2169 ι

408 2224 461 2290 23.
480 2226 576 2292 Sento
597 2225 770 2304 limitatur,
793 2229 829 2289 ut
851 2227 1038 2306 procurator
1061 2221 1174 2286 habens
1195 2218 1378 2284 mandatnm
1392 2215 1432 2280 ad
1446 2233 1553 2283 omnes
1574 2233 1681 2281 causas

322 2334 425 2401 ciuiles
445 2340 479 2399 et
499 2333 690 2411 criminales,
712 2351 773 2397 non
796 2333 893 2416 possit
914 2349 947 2396 se
977 2331 1188 2395 intromittere
1218 2328 1251 2391 in
1279 2327 1380 2392 causis
1408 2325 1624 2409 spiritualibus
1648 2330 1679 2390 et

292 2430 295 2447 ’
321 2442 563 2521 beneficialibus,
585 2448 714 2524 propter
737 2441 820 2506 illam
840 2439 1070 2523 expressionem
1095 2437 1206 2501 iactam
1230 2436 1261 2499 in
1283 2432 1501 2515 procuratorio
1514 2449 1678 2496 musarum

322 2548 458 2614 civilium
482 2554 515 2612 et
536 2548 764 2627 criminalium,
781 2549 938 2613 Dominus
961 2547 1046 2627 Lupi
1065 2545 1152 2625 clleo.
1172 2542 1217 2606 70
1238 2561 1273 2606 o.
1291 2538 1351 2620 llll,
1373 2541 1488 2611 andem
1509 2540 1679 2615 rationem,

322 2663 391 2721 tum
414 2657 486 2737 quia
508 2673 618 2733 caume
639 2655 743 2720 civiles
763 2661 797 2719 et
818 2655 992 2719 criminales
1022 2653 1148 2734 proprie
1170 2652 1320 2717 dicuntur
1342 2651 1381 2715 de
1408 2651 1501 2715 rebus
1522 2654 1677 2731 tempora

324 2766 422 2844 libus,
444 2769 478 2830 et
499 2781 579 2845 quac
600 2780 704 2826 coram
724 2763 828 2844 judice
854 2762 931 2825 laico
953 2766 986 2825 et
1007 2760 1137 2824 seculari
1168 2763 1241 2823 sunt
1271 2757 1467 2843 tractandae,
1489 2754 1593 2836 quam
1617 2771 1677 2817 non

321 2876 396 2940 sunt
416 2869 613 2935 beneficiales.

339 3009 342 3020 ·
409 3002 426 3038 (ι
452 2978 637 3045 Mandatum
661 2976 803 3060 generale
825 2976 939 3042 habens
960 2977 1111 3042 clausulas
1124 2975 1343 3057 amplissimas,
1358 2973 1680 3056 comprehendensque

324 3107 340 3144 a
364 3102 472 3151 causas
494 3088 595 3150 motas
615 3089 648 3150 et
668 3083 834 3149 movendas
855 3085 887 3148 in
918 3101 1118 3166 quocumque
1149 3085 1216 3149 loco
1246 3088 1279 3148 ct
1310 3084 1397 3162 loro,
1418 3088 1451 3149 et
1472 3100 1577 3148 coram
1600 3098 1678 3163 quo-

324 3217 341 3253 a
365 3208 501 3273 cumque
521 3192 623 3274 judice
646 3197 711 3256 tam
732 3191 937 3256 ecclmiastioo
966 3209 1061 3272 quam
1091 3192 1240 3267 seculari,
1262 3192 1421 3257 ordinario
1450 3196 1484 3257 et
1503 3190 1677 3258 extraordi-

325 3321 341 3356 ι
366 3298 473 3379 nario,
494 3298 635 3382 delegato
654 3304 688 3363 et
709 3299 907 3384 subdelegato
929 3305 1007 3378 etc,
1029 3301 1212 3366 extenditur
1233 3301 1329 3366 etiam
1350 3300 1389 3365 ad
1410 3317 1518 3368 causas
1539 3298 1677 3365 amien-

324 3428 341 3462 «
364 3404 455 3470 stioes
486 3408 520 3470 et
548 3405 757 3488 beneficiales,
779 3406 847 3471 Rot.
877 3407 965 3471 decia
996 3404 1060 3471 599
1091 3428 1123 3472 o.
1151 3408 1171 3470 5
1192 3418 1220 3472 ei
1240 3427 1318 3491 seqq.
1339 3418 1423 3489 port.
1451 3403 1567 3474 laona
1590 3405 1630 3487 3,
1650 3417 1677 3472 ct

326 3536 342 3573 ι
365 3513 456 3578 decis
477 3509 542 3576 lia
564 3533 595 3578 o.
618 3512 639 3578 3
659 3523 745 3595 port.
767 3513 788 3577 9
810 3523 883 3578 tom.
905 3512 926 3575 2
952 3514 1075 3579 Recent.

413 3643 430 3682 a
455 3622 639 3688 Mandatum
663 3622 781 3687 iactum
806 3621 838 3686 in
859 3638 951 3686 musa
974 3623 1056 3687 civili
1077 3640 1139 3687 uon
1161 3621 1301 3687 trahitur
1314 3621 1352 3685 ad
1367 3638 1473 3688 musas
1493 3622 1679 3696 criminales,

326 3753 342 3788 ι
369 3729 438 3795 noe.
460 3729 549 3794 mois
575 3726 638 3791 109
660 3748 692 3793 o.
714 3726 757 3791 26
779 3737 862 3810 port.
888 3727 927 3791 17
953 3729 1075 3796 flerent.
1142 3716 1147 3725 ’

403 3834 464 3903 26.
487 3839 568 3904 Tum
592 3839 665 3919 quia
688 3837 833 3902 mandata
855 3841 929 3902 sunt
951 3839 1052 3903 stricti
1072 3839 1152 3921 juris
1166 3843 1200 3903 at
1213 3857 1274 3902 una
1296 3839 1411 3921 species
1430 3856 1598 3904 causarum
1618 3855 1678 3906 non

324 3944 456 4010 includit
475 3944 577 4026 aliam,
600 3961 667 4026 cop.
690 3946 843 4025 scriptam
864 3944 900 4008 de
923 3963 1015 4010 rescr.
1029 3948 1063 4010 ia
1086 3935 1115 4010 6.
1137 3947 1226 4013 Unde
1247 3949 1406 4030 expressio
1427 3965 1592 4013 musamm
1605 3947 1680 4012 ciri-

322 4054 402 4117 lium
422 4058 456 4117 et
477 4052 684 4116 criminalium
716 4052 879 4136 restringit
910 4053 1111 4130 mandatum,
1132 4058 1172 4118 ut
1193 4071 1254 4118 non
1285 4054 1382 4137 possit
1408 4053 1492 4119 trahi
1514 4052 1553 4118 ud
1575 4068 1680 4118 causes

323 4158 530 4238 beneficialem
551 4163 584 4223 et
607 4158 685 4223 huuc
708 4159 882 4241 opinionem
905 4160 1047 4242 amplexa
1070 4148 1359 4227 chisneiensem
1385 4162 1484 4227 Puteo
1505 4163 1593 4228 &cis
1616 4157 1678 4226 alt

327 4286 356 4330 rt
380 4264 398 4329 1
423 4266 470 4331 itt.
494 4266 534 4344 2,
555 4276 583 4330 ct
605 4283 713 4332 coram
736 4267 854 4331 Achille
874 4268 964 4332 decis.
987 4263 1030 4330 69
1053 4285 1134 4350 patos
1157 4276 1199 4333 est
1222 4267 1242 4332 9
1264 4270 1300 4333 de
1319 4286 1462 4350 procur„
1483 4273 1517 4334 et
1539 4269 1681 4350 sequitur

328 4370 459 4437 Mansio.
482 4375 518 4437 ds
540 4377 623 4439 soor.
644 4374 694 4439 lin.
715 4373 737 4436 7
761 4376 806 4440 sis.
831 4372 872 4438 16
893 4394 925 4438 n.
948 4373 992 4437 23
1012 4393 1091 4442 vers.
1111 4377 1254 4441 amado
1683 4363 1687 4373 '

414 4475 465 4541 27.
488 4479 547 4545 Ubi
568 4485 676 4545 autem
700 4481 732 4546 in
754 4481 899 4548 mandato
920 4500 982 4547 nou
1004 4487 1083 4549 esst
1105 4482 1185 4549 iacta
1208 4502 1352 4568 expressa
1383 4488 1499 4553 mentio
1521 4488 1560 4552 de
1581 4486 1681 4552 causis

324 4583 464 4650 ovinus
484 4589 518 4649 at
539 4586 762 4665 criminalibus,
783 4589 842 4653 sub
864 4589 1067 4673 generalitate
1081 4592 1247 4660 verborum
1269 4599 1303 4660 et
1323 4594 1532 4661 clausulamm
1554 4597 1587 4660 in
1609 4612 1681 4679 pro-

326 4690 486 4758 curatorio
500 4690 711 4760 adhibitorum
732 4695 1072 4779 comprehenderentur
1095 4700 1191 4765 etlam
1215 4704 1545 4782 nomencratoris,
1563 4701 1682 4770 raom

325 4801 353 4863 d
375 4801 463 4865 decis.
486 4796 550 4866 217
575 4819 605 4863 n.
630 4799 657 4876 1,
682 4802 859 4868 Rellomcro
881 4806 969 4871 decis.
992 4805 1013 4867 5
1036 4825 1066 4870 o.
1092 4804 1120 4885 1,
1145 4807 1212 4873 nor.
1235 4798 1343 4875 cotom
1365 4811 1482 4875 Achille
1503 4811 1640 4876 cnm
1662 4806 1683 4871 9
