3734 5750
550 360 606 430 nu
629 359 1015 432 ruocuaxcomuus
1037 367 1126 434 CAP.
1148 367 1262 434 Llllll.
1531 365 1596 434 313

310 533 362 602 39.
383 536 490 603 Etiam
514 533 540 599 si
562 530 745 597 mandatum
777 537 859 598 esset
887 532 1007 599 lactum
1027 552 1046 598 a
1069 536 1228 619 principe,
1251 537 1287 600 l.
1317 539 1346 601 si
1373 549 1592 619 procurator„

223 653 255 714 et
276 646 320 712 ici
347 643 523 711 scribentes
541 641 573 725 ff
590 640 628 704 66
650 638 905 716 condiscetis,
929 660 985 724 per
1007 659 1102 724 quern
1126 648 1191 709 tex.
1206 645 1325 710 Frcoc.
1347 646 1409 710 Via.
1422 648 1514 713 decia
1529 647 1594 713 339

223 777 254 822 ca
277 752 320 819 29
343 755 393 819 til.
415 750 446 832 2,
471 752 550 833 Lep.
572 751 659 832 ollcp.
683 747 746 812 127
768 768 800 813 α.
823 749 844 814 6
867 755 900 816 et
923 752 965 816 ibi
987 750 1118 817 rocoa

310 856 362 926 31.
384 861 490 927 Etiam
513 859 540 924 sl
555 859 749 923 constituens
761 860 895 940 jurasset
909 877 971 925 non
988 860 1094 925 venire
1108 865 1217 924 contra
1232 861 1349 926 factum
1366 863 1594 944 procuratoris,

220 970 314 1035 Bata
337 971 373 1033 io
396 986 463 1051 ααρ.
488 964 506 1030 1
531 986 563 1032 6.
589 964 629 1028 17
652 967 687 1030 io
708 967 762 1049 fio.
795 976 873 1032 ectr.
898 976 936 1032 ut
957 969 1003 1032 lit.
1034 987 1099 1032 ooo
1131 977 1276 1048 contem,
1301 968 1366 1033 Jos.
1397 970 1433 1033 io
1455 969 1485 1032 d.
1509 968 1545 1032 L.
1566 971 1595 1033 si

191 1067 193 1084 '
216 1086 414 1160 procurator
437 1070 612 1140 61666.
634 1074 773 1141 secundo
796 1075 927 1156 emptio.

310 1185 362 1251 35.
383 1186 463 1250 Nam
492 1184 706 1265 iuramentum
739 1182 832 1248 debet
863 1183 1014 1267 restringi
1040 1182 1079 1247 ad
1105 1182 1189 1248 licita
1211 1188 1245 1248 et
1265 1182 1413 1263 consa,
1437 1179 1535 1248 Gloss.
1557 1183 1593 1246 io

219 1311 382 1376 capnon
403 1293 526 1357 videtur
547 1290 624 1354 1616
653 1286 678 1375 S
709 1291 766 1373 pai
791 1289 888 1370 jussa
921 1292 958 1355 io
982 1291 1063 1356 6661.
1085 1309 1143 1356 occ
1166 1291 1264 1356 obstat
1292 1292 1378 1375 quod
1402 1291 1535 1373 iurent,
1556 1292 1594 1355 dc

218 1404 319 1486 repul.
335 1402 404 1483 jor.
426 1402 463 1465 io
486 1395 526 1476 6,
550 1398 683 1463 Manlio.
704 1399 733 1462 ci
756 1401 801 1464 cit.
827 1395 867 1461 16
891 1416 923 1463 6.
949 1395 990 1462 18
1013 1408 1041 1464 et
1064 1417 1124 1483 sep.

308 1505 360 1572 36.
381 1508 488 1589 Neque
510 1507 607 1573 etiam
629 1506 835 1571 includuntur
856 1523 892 1571 ea
916 1524 998 1588 quae
1028 1514 1103 1574 sunt
1134 1509 1275 1587 insolita,
1290 1508 1421 1574 Decios.
1444 1526 1526 1572 coos.
1547 1503 1592 1569 73

216 1638 250 1683 α.
272 1613 318 1682 16
339 1618 389 1683 lib.
411 1615 451 1696 2,
473 1617 576 1682 Bcrz.
598 1617 690 1681 decis.
715 1613 779 1678 126
801 1635 833 1681 ca
857 1613 907 1681 19.

306 1723 358 1789 37.
381 1724 489 1807 Neque
510 1742 547 1789 ea
569 1741 652 1806 quae
681 1724 829 1790 mandans
858 1724 961 1790 iacere
989 1743 1052 1791 nou
1083 1731 1206 1814 posset,
1229 1724 1321 1793 Grac.
1343 1743 1429 1790 coos.
1450 1721 1494 1788 96
1517 1744 1551 1789 o.
1572 1721 1593 1788 6

213 1834 266 1900 tit.
292 1834 320 1900 1.

306 1938 359 2007 38.
380 1942 490 2033 Neque
512 1956 548 2004 ea
571 1958 652 2020 quae
674 1941 820 2007 dominas
843 1942 1028 2027 ignorabat,
1052 1940 1142 2008 Grot.
1164 1944 1194 2007 6.
1216 1961 1299 2008 coos.
1321 1940 1365 2006 96
1388 1962 1420 2007 α.
1442 1940 1473 2008 9.

307 2075 326 2114 a
350 2050 548 2128 Mandatum,
562 2049 635 2115 licet
651 2051 849 2133 amplissimis
870 2050 1019 2117 clausulis
1041 2051 1197 2132 fulcitum,
1211 2069 1273 2117 non
1287 2050 1472 2117 extenditur
1493 2049 1532 2114 66
1555 2066 1592 2113 ea

210 2183 231 2223 a
258 2177 344 2242 quac
367 2165 443 2225 sunt
464 2158 571 2243 ignota
594 2157 634 2223 66
665 2163 807 2242 tempore
838 2160 998 2240 mandati,
1021 2159 1093 2225 llos.
1126 2159 1216 2224 decia
1247 2154 1312 2221 278
1338 2177 1371 2223 α.
1393 2154 1435 2221 31
1461 2165 1489 2221 ct
1511 2172 1591 2237 sopp.

211 2291 231 2331 a
259 2287 334 2351 ραν.
356 2266 378 2332 9
400 2276 473 2332 tooa
497 2263 515 2329 1
541 2265 668 2332 Reccot.

309 2397 327 2435 6
350 2374 433 2440 Hinc
442 2373 627 2440 mandatum
641 2373 681 2439 66
695 2379 856 2441 retineres
870 2376 1001 2457 iactum,
1015 2376 1203 2461 intelligitur
1217 2380 1343 2441 tantum
1351 2374 1391 2439 66
1399 2373 1591 2457 specificatio,

208 2505 228 2545 ν
257 2500 318 2548 nec
342 2486 445 2566 potest
467 2481 587 2547 adalia
611 2482 759 2558 extendi,
782 2483 873 2549 alceia
899 2481 941 2548 18
962 2503 994 2548 α.
1016 2483 1038 2546 2
1048 2502 1123 2567 ραν.
1137 2480 1177 2564 3,
1192 2482 1282 2548 dacis.
1298 2478 1364 2545 371
1379 2500 1411 2545 α.
1426 2475 1470 2542 21
1481 2476 1591 2561 ραν.6

210 2612 230 2652 a
257 2599 336 2656 tom.
362 2588 399 2668 1,
421 2588 512 2654 dccix
533 2586 577 2652 73
599 2608 631 2655 n
655 2584 715 2671 11,
737 2590 826 2657 dacia
856 2586 924 2658 361
954 2612 986 2658 α.
1017 2592 1039 2658 9
1065 2609 1141 2675 ραν.
1173 2591 1232 2672 16,
1255 2601 1284 2657 cc
1305 2591 1395 2655 decis.
1418 2585 1463 2652 61
1492 2583 1589 2653 616

210 2719 228 2757 a
251 2712 333 2778 por.
359 2692 399 2757 17
424 2696 550 2763 licceat.

305 2825 324 2864 a
349 2803 392 2869 Et
412 2802 568 2869 clausulae
590 2805 768 2888 praedictae
790 2808 1030 2894 restringuntur
1051 2810 1090 2875 66
1114 2827 1277 2894 expressas
1296 2809 1460 2876 facultates
1475 2808 1507 2873 in
1522 2808 1589 2891 ipso

208 2936 227 2975 α
255 2913 407 2979 mandato
438 2919 616 2993 contentas,
638 2932 696 2981 nec
718 2917 937 2985 extenduntur
958 2919 998 2984 ad
1029 2919 1150 2985 diversa
1172 2924 1208 2984 ct
1226 2919 1266 2984 66
1288 2935 1324 2983 ea
1346 2934 1428 2999 quae
1458 2913 1589 2999 speciale

207 3045 226 3083 a
253 3022 445 3089 mandatum
475 3024 664 3105 requirunt,
685 3025 778 3091 decis
812 3023 853 3089 13
875 3046 907 3092 n.
932 3025 954 3088 2
972 3045 1047 3109 ραν.
1067 3023 1091 3091 1
1111 3036 1185 3092 tom.
1219 3024 1256 3105 1,
1278 3025 1370 3089 decis.
1406 3018 1469 3086 115
1490 3040 1523 3085 α.
1545 3017 1589 3084 23

205 3153 225 3193 α
247 3148 329 3212 ραν.
350 3129 372 3195 9
394 3140 469 3196 tom.
493 3129 531 3212 1,
551 3130 640 3197 decis
671 3130 737 3195 262
759 3151 792 3197 6.
817 3131 858 3198 16
877 3153 953 3217 por.
977 3133 1036 3215 12,
1058 3136 1149 3200 decia
1180 3132 1223 3198 27
1255 3153 1287 3199 α.
1321 3127 1380 3211 11,
1401 3131 1493 3195 decia
1522 3125 1589 3195 391

206 3261 226 3301 α
252 3258 289 3304 α.
313 3236 337 3303 3
356 3258 430 3323 ραν.
455 3237 515 3321 13,
539 3249 567 3307 et
588 3242 679 3307 decis
700 3239 745 3305 76
767 3261 799 3307 6.
820 3240 843 3307 8
863 3262 938 3326 por.
963 3243 1005 3308 15
1028 3245 1154 3311 licceat.

303 3371 323 3411 a
347 3351 391 3417 Et
411 3368 474 3414 non
495 3355 627 3434 pomnnt
648 3350 777 3416 extendi
799 3351 859 3416 nisi
880 3351 921 3416 acl
943 3369 980 3416 ea
1001 3370 1083 3434 qnae
1105 3356 1181 3417 sunt
1202 3351 1241 3416 66
1262 3352 1375 3415 natura
1404 3351 1514 3419 actus,
1539 3342 1587 3407 vel

205 3481 226 3520 «
252 3460 297 3526 66
320 3478 356 3525 ea
379 3477 460 3543 quae
481 3464 590 3542 caepta
612 3466 688 3527 sunt
709 3461 865 3545 exprimi,
879 3478 942 3526 non
957 3465 1065 3526 autem
1087 3461 1127 3525 66
1148 3477 1184 3525 ea
1207 3476 1346 3540 qnorum
1367 3455 1478 3522 saltem
1499 3451 1588 3535 prin·

203 3593 222 3632 a
249 3571 375 3654 cipium
396 3588 458 3636 non
480 3574 529 3636 est
549 3587 752 3651 expressum,
776 3568 868 3634 66616
892 3566 958 3634 112
980 3588 1012 3634 6.
1034 3567 1057 3633 1
1076 3586 1150 3651 ραν.
1174 3565 1192 3631 1
1218 3568 1343 3634 licceat.

302 3698 321 3736 a
346 3676 452 3756 Quare
475 3676 720 3743 concludendum
735 3681 792 3756 est,
814 3677 986 3744 clausulam
1009 3698 1027 3738 α
1050 3696 1125 3742 eom
1146 3677 1280 3741 litero»
1302 3679 1336 3741 ct
1350 3672 1473 3750 661166,
1488 3686 1586 3752 appe

202 3806 221 3845 a
248 3784 333 3849 sitas
355 3784 500 3850 mandato
522 3801 676 3869 procuras
698 3803 760 3850 non
781 3785 931 3868 ampliare
953 3786 1139 3852 mandatnm
1160 3784 1200 3850 ad
1222 3784 1297 3849 alias
1318 3799 1445 3859 musas,
1459 3778 1512 3843 sed
1527 3795 1586 3841 au-

202 3914 222 3954 «
249 3910 334 3978 gere
355 3897 542 3977 potestatem
564 3893 780 3979 procuratoris
801 3911 897 3977 super
918 3894 1043 3977 speciali
1065 3912 1158 3961 cansa
1181 3894 1213 3959 iu
1242 3890 1390 3957 mandato
1420 3902 1588 3968 expressa,

201 4021 221 4061 α
248 4000 348 4065 decis.
369 3996 438 4066 761
457 4019 490 4066 α.
513 3998 535 4061 2
554 4020 628 4084 ραν.
650 3999 672 4063 2
696 4002 819 4068 lleccot.

301 4105 354 4172 39.
376 4109 581 4193 Intelligendo
602 4109 641 4174 66
663 4110 700 4175 iis
722 4126 804 4191 qnae
826 4110 870 4174 illi
892 4115 984 4177 eraut
1006 4110 1165 4194 incognita
1187 4107 1282 4174 ctum
1299 4106 1331 4170 in
1347 4117 1585 4190 3666106190ΰὸ

198 4220 228 4285 si
251 4221 363 4284 essem
384 4218 542 4305 incognita
566 4222 689 4287 tantum
712 4218 745 4284 in
766 4218 887 4302 specie,
910 4217 1002 4286 Grec.
1025 4220 1068 4285 ili
1087 4238 1120 4284 o.
1143 4214 1194 4284 20.

298 4322 352 4389 19.
373 4326 437 4391 Nec
457 4343 494 4391 ea
516 4344 597 4410 qnae
618 4327 810 4394 constituens
831 4346 894 4393 non
914 4327 1027 4395 luisset
1041 4328 1073 4393 in
1088 4326 1190 4411 speeie
1204 4323 1429 4401 mandaturus,
1451 4317 1584 4384 Dorico.

199 4452 296 4499 coos.
319 4431 340 4496 6
362 4453 394 4498 α.
417 4429 460 4496 36
483 4434 533 4499 tio.
556 4432 595 4513 5,
619 4434 697 4502 Celo.
719 4435 802 4519 Hoc.
824 4455 908 4501 costa
931 4436 953 4499 7
975 4437 1033 4501 sol
1054 4455 1088 4502 ct
1112 4433 1139 4499 1.

297 4536 351 4604 11.
373 4540 494 4607 Verum
518 4541 544 4606 si
559 4547 746 4624 procurator
759 4544 944 4627 explicando
959 4551 1066 4611 actum
1081 4543 1283 4609 commissum
1297 4544 1476 4621 exequatur
1488 4537 1581 4620 juxta

195 4649 344 4715 formam
366 4650 505 4715 mandati
526 4651 585 4716 sibi
608 4650 773 4731 lactineo
796 4658 901 4737 posset
921 4652 1116 4719 constituens
1146 4650 1243 4736 gestis
1263 4667 1320 4733 per
1342 4648 1580 4731 procuratorem

193 4757 436 4836 contravenire,
459 4756 529 4823 Ilot.
554 4756 693 4823 Gcouco.
714 4759 803 4825 6666.
829 4759 892 4825 173
915 4781 947 4826 α.
970 4758 1000 4825 6

298 4861 351 4929 12
373 4864 433 4931 Sed
458 4865 505 4931 illa
528 4872 602 4934 sunt
625 4872 689 4934 166
712 4869 751 4935 ab
773 4869 840 4953 ipso
862 4869 991 4936 domino
1012 4887 1109 4952 quam
1131 4870 1170 4936 ab
1191 4868 1270 4948 aliis,
1284 4867 1332 4933 vel
1354 4866 1386 4929 iu
1409 4868 1581 4930 16166666-
