3734 5750
325 401 389 473 eso
755 369 955 456 nunorlcr
978 385 1100 454 nauci
1121 384 1267 455 nuncu.
1320 401 1323 406 ·

415 678 443 743 1.
465 589 680 740 Procurator
694 665 733 730 ad
748 666 877 749 negocia
899 666 1116 746 constituitur,
1138 670 1176 730 ut
1197 658 1380 748 plurimum,
1400 665 1442 730 ah
1461 665 1499 730 iis
1513 667 1571 749 qui
1585 665 1693 732 nolunt

184 844 186 849 -
325 796 373 865 vel
394 808 455 856 non
478 784 581 851 valent
603 777 737 862 propriis
759 774 896 858 negociis
916 792 1077 858 superesse
1100 781 1138 842 ut
1160 775 1237 841 dicit
1261 775 1318 842 10.
1342 775 1377 839 L.
1395 773 1411 836 1
1434 776 1465 859 ff
1475 777 1513 842 dc
1524 788 1693 857 procurat.

410 897 441 962 2
463 889 629 972 Quomodo
652 889 759 951 antem
789 884 1004 949 constituatur
1034 884 1175 950 diximus
1196 884 1259 950 late
1290 902 1385 967 supra
1414 900 1484 966 cap.
1510 885 1636 951 XVIII
1655 885 1693 948 dc

322 1001 545 1093 procuratoris
577 993 805 1061 constitutione.
828 995 879 1056 Au
911 995 1018 1056 autem
1049 1008 1106 1074 per
1138 991 1245 1057 literas
1275 992 1479 1059 credentiales
1498 993 1692 1078 intelligatur

324 1118 433 1183 datum
456 1104 636 1191 hujusmodi
658 1100 852 1177 mandatum,
874 1099 997 1164 videndi
1018 1105 1092 1165 sunt
1114 1098 1180 1165 DI).
1202 1101 1327 1185 allegati
1348 1120 1366 1167 a
1391 1102 1478 1167 Vaut.
1498 1104 1531 1167 in
1544 1112 1636 1168 tract.
1652 1104 1690 1166 dc

323 1222 478 1291 nullitate
493 1218 538 1283 tit.
561 1215 597 1276 dc
620 1211 725 1276 nollit.
747 1226 787 1273 cx
811 1208 917 1291 desert.
940 1208 1093 1273 intacta.
1114 1226 1170 1273 seu
1192 1209 1335 1275 mundat.
1358 1230 1389 1275 rr.
1413 1207 1476 1274 139
1498 1229 1573 1275 cers.
1593 1228 1691 1274 nurn-

322 1335 400 1421 qnid
421 1338 536 1393 autem.
1120 1394 1122 1397 Α

411 1434 441 1500 3.
462 1435 530 1502 Hoc
553 1434 660 1495 autern
683 1430 731 1493 est
752 1425 996 1504 advertendum,
1017 1427 1104 1506 quod
1125 1427 1150 1493 si
1174 1427 1374 1509 procuratori
1395 1427 1437 1492 sit
1458 1427 1529 1492 data
1560 1425 1689 1492 aculus

322 1544 449 1635 gerendi
470 1559 506 1606 ea
528 1542 653 1605 tanturn
677 1551 758 1616 quae
787 1534 992 1600 constituenti
1013 1540 1089 1601 sunt
1111 1535 1211 1614 utilia,
1233 1553 1306 1599 curn
1330 1535 1534 1617 promissione
1556 1533 1687 1599 habendi

321 1659 427 1720 ratum
449 1645 603 1731 quidquid
626 1661 683 1726 per
704 1645 942 1725 procuratorem
965 1641 1065 1708 fuerit
1086 1643 1226 1727 legitime
1252 1643 1389 1719 lactum,
1421 1645 1604 1710 mandatum
1626 1662 1687 1708 non

319 1765 465 1830 censetur
494 1755 622 1832 efficax,
644 1755 678 1816 et
708 1752 896 1833 procurator
926 1749 1031 1815 rolens
1060 1752 1226 1834 negocium
1259 1752 1460 1818 commissum
1483 1752 1593 1834 vigore
1613 1750 1688 1816 dicti

321 1864 459 1936 mandati
472 1860 639 1943 explicare,
661 1862 764 1940 potest
786 1856 893 1940 repelli
917 1863 1078 1940 tamquam
1101 1877 1162 1923 non
1185 1858 1300 1925 habens
1321 1861 1503 1926 mandatum
1526 1861 1687 1937 miliciens

320 1976 410 2042 Alce.
431 1974 502 2054 post
523 1967 639 2033 multos
659 1967 692 2029 in
714 1966 749 2031 L
772 1967 800 2030 si
818 1975 1015 2047 moraretur
1036 1965 1105 2032 reti
1129 1967 1193 2032 cod.
1217 1968 1254 2031 dc
1275 1980 1441 2051 procuret.

405 2076 437 2146 l.
458 2077 541 2158 Quia
562 2093 685 2158 semper
707 2074 900 2140 constituens
922 2074 1027 2140 dicere
1049 2081 1151 2157 posset
1172 2076 1259 2158 quod
1281 2082 1367 2161 gesta
1390 2094 1448 2159 per
1469 2077 1591 2143 dictum
1612 2097 1684 2161 pro

287 2268 289 2275 ,
317 2194 499 2258 curatorem
529 2203 591 2249 uon
620 2188 695 2250 sunt
726 2183 866 2267 legitime
886 2187 1006 2265 gesta,
1028 2200 1085 2247 nec
1115 2183 1174 2249 sibi
1208 2185 1317 2264 utilia,
1339 2190 1377 2250 ut
1397 2186 1572 2253 considerat
1597 2187 1682 2252 lione

319 2318 401 2365 cons.
423 2293 467 2359 60
489 2294 546 2360 sul>
569 2313 600 2358 rr.
625 2291 653 2357 1.

407 2406 437 2471 5.
457 2404 609 2473 Similiter
629 2403 654 2469 si
678 2401 877 2485 procuratori
897 2401 940 2467 sit
960 2402 1032 2468 data
1055 2402 1185 2469 facultas
1207 2402 1337 2467 faciendi
1360 2400 1514 2484 quidquid
1528 2401 1586 2466 sibi
1601 2399 1683 2464 ride·

317 2518 422 2595 bitur,
444 2512 632 2595 intelligitur
653 2509 785 2575 arbitrio
808 2510 879 2574 boni
902 2509 963 2575 riri
986 2512 1020 2575 L.
1043 2512 1071 2574 si
1093 2513 1137 2576 sic
1157 2511 1189 2594 ff
1199 2511 1236 2574 dc
1251 2512 1340 2593 legat
1357 2509 1396 2585 1,
1413 2511 1448 2575 L.
1460 2511 1681 2593 Macommr'st

256 2691 262 2700 ,
315 2622 558 2710 §quemquam
580 2618 664 2701 {lde
686 2618 777 2699 legat.
800 2616 839 2696 3,
870 2615 980 2700 Auget.
1012 2637 1095 2685 conr.
1125 2616 1191 2685 388
1224 2639 1255 2685 rr.
1278 2619 1318 2698 2,
1350 2619 1483 2687 Bursct.
1514 2638 1597 2685 corre
1619 2616 1681 2681 259

317 2753 348 2798 rr.
370 2729 392 2795 8
414 2730 464 2795 lid.
485 2725 523 2808 3,
545 2735 573 2792 rt
596 2744 678 2790 cons.
700 2723 765 2790 395
787 2744 818 2790 rr.
840 2724 883 2790 37
906 2728 957 2793 lid.
977 2719 1019 2805 d,
1046 2726 1150 2793 Socim
1167 2727 1242 2808 jort
1266 2747 1349 2793 cons.
1372 2724 1415 2791 59
1437 2746 1469 2793 rr.
1491 2724 1512 2790 9
1536 2726 1583 2790 lid.
1608 2724 1636 2788 1.

402 2838 432 2905 6.
455 2838 545 2905 Etsi
568 2835 709 2902 facultati
731 2834 862 2900 faciendi
884 2841 981 2919 prout
1002 2837 1202 2920 procuratori
1226 2836 1383 2903 videbitur
1403 2834 1538 2901 addatur
1551 2832 1679 2898 verbum

215 2984 220 2995 ·
318 2949 508 3032 «expedire
531 2968 569 3024 a,
591 2944 674 3009 dicte
698 2944 849 3028 generalis
870 2943 1003 3011 menites
1032 2945 1239 3029 restringitur
1269 2945 1438 3011 dumtaxat
1466 2942 1505 3008 ad
1537 2959 1572 3007 ea
1604 2957 1681 3022 quae

213 3119 216 3125 .
315 3057 486 3123 utilitatem
508 3051 727 3118 constituentis
749 3052 928 3135 respiciunt

400 3163 433 3227 7.
454 3162 535 3229 Cum
566 3160 738 3227 secundum
769 3161 940 3227 subiectam
972 3162 1137 3227 materiam
1176 3160 1251 3226 illud
1288 3161 1418 3226 verbum
1446 3181 1464 3220 a
1489 3156 1633 3238 expedire
1657 3178 1677 3216 ι

313 3273 483 3339 utilitatem
505 3269 676 3354 significet,
699 3269 734 3332 n.
756 3266 777 3329 a
800 3271 835 3333 re
857 3271 910 3352 pt.
929 3269 960 3352 p
977 3271 1130 3349 maaca,
1152 3270 1225 3335 na.
1248 3287 1331 3334 conc
1353 3264 1419 3333 roe
1442 3288 1473 3332 u
1491 3250 1547 3347 1a'‚
1571 3267 1676 3332 uror.

313 3383 356 3448 cd
376 3381 486 3462 Afflict.
508 3380 598 3444 decis.
621 3375 686 3440 505
709 3396 741 3441 rr.
764 3376 793 3441 5.

399 3485 430 3552 8.
451 3486 637 3554 Mandatum
659 3489 766 3551 autem
781 3487 983 3565 quantumvis
998 3487 1210 3570 generalibus,
1225 3485 1322 3550 immo
1338 3484 1564 3551 universalibus
1577 3481 1675 3547 verbis

311 3602 345 3665 et
366 3595 510 3661 clausulis
531 3597 726 3675 conceptum,
749 3594 956 3678 restringitur
977 3596 1016 3660 ad
1038 3612 1184 3679 expressa
1206 3594 1238 3659 in
1261 3595 1501 3677 procuratorio,
1524 3597 1559 3659 et
1578 3591 1618 3657 nd
1637 3607 1671 3654 ee

311 3721 393 3789 quae
421 3702 579 3785 pertinent
597 3691 648 3765 'ad
679 3702 845 3784 negocium
876 3704 1097 3781 commissum,
1122 3703 1219 3770 Gloss.
1249 3706 1285 3769 in
1313 3704 1350 3770 L.
1371 3707 1400 3769 ri
1422 3702 1576 3768 mndata
1602 3701 1674 3764 Titii

309 3812 405 3901 §pru
425 3811 456 3894 ff
473 3807 633 3888 mandat,
657 3807 748 3875 Bort.
771 3810 806 3872 in
830 3808 866 3873 L.
887 3811 1052 3878 amariore
1075 3832 1107 3876 rr.
1131 3810 1172 3876 17
1195 3832 1269 3878 cum
1299 3833 1358 3898 scq.
1386 3814 1418 3897 ff
1444 3812 1480 3877 dr
1504 3811 1614 3875 decret
1635 3807 1673 3871 nd

309 3923 413 3989 ordin.
431 3918 568 4002 sociem,
590 3914 688 3981 Burs.
712 3915 741 3981 d.
764 3935 847 3983 cons.
869 3914 934 3983 895
958 3940 989 3985 rr.
1011 3917 1054 3984 37
1076 3921 1127 3987 tit.
1149 3917 1190 4003 lr,
1211 3933 1239 3989 ct
1262 3941 1345 3989 conr.
1367 3922 1433 3987 259
1455 3942 1487 3986 rr
1507 3918 1530 3985 8
1551 3920 1600 3984 ro.
1622 3916 1650 3982 3

399 4049 416 4088 «
440 4024 626 4092 Mandatum
656 4040 840 4107 expressum
871 4026 911 4091 ad
945 4046 1038 4094 unam
1070 4047 1217 4111 causam,
1238 4049 1300 4096 non
1322 4035 1425 4113 potest
1454 4030 1493 4094 ad
1515 4029 1589 4094 alias
1611 4046 1671 4093 non

311 4157 328 4195 c
351 4148 512 4216 expressas
532 4130 677 4211 extendi,
701 4131 771 4199 Rot.
793 4134 884 4199 decis.
906 4132 972 4198 312
994 4155 1027 4202 rr.
1049 4134 1072 4202 d
1092 4158 1163 4223 par.
1185 4137 1208 4204 d
1229 4150 1302 4206 torre
1328 4138 1346 4203 1
1371 4139 1497 4206 licceat.

399 4263 417 4302 r
441 4242 523 4307 llota
545 4245 659 4319 tamen,
673 4240 763 4305 decis.
779 4238 843 4306 lle
858 4262 890 4306 rr.
906 4241 948 4308 19
959 4264 1035 4327 por.
1051 4243 1095 4312 1t
1109 4248 1253 4327 licceat,
1267 4248 1376 4327 volunt,
1390 4247 1475 4329 quod
1489 4246 1671 4311 mandatum

311 4374 329 4412 r
353 4367 505 4432 procerae
527 4349 627 4414 verbis
648 4348 843 4430 amplissimis
864 4358 1070 4435 conceptum,
1091 4355 1240 4422 excludat
1260 4355 1489 4422 restrictionem
1510 4354 1551 4420 ad
1574 4369 1675 4436 nego-

310 4460 436 4522 «cium
459 4455 665 4540 particulare,
696 4463 730 4523 et
758 4460 950 4527 extendatur
979 4464 1165 4545 generaliter
1193 4464 1233 4530 ad
1264 4466 1367 4530 omnia
1402 4462 1594 4546 peragenda:
1618 4461 1675 4525 uhi

311 4582 486 4645 «namque
516 4565 608 4629 rerba
630 4570 663 4631 et
684 4564 839 4632 clausulae
868 4569 932 4634 sint
962 4576 1149 4654 pregnantes
1180 4577 1213 4637 et
1244 4573 1434 4653 inculcatae,
1457 4573 1523 4638 sine
1545 4569 1674 4633 illerum

309 4698 325 4734 a
352 4674 464 4756 injuria
487 4675 634 4759 restringi
656 4694 717 4740 non
741 4682 889 4757 possum,
914 4677 985 4743 lint.
1007 4679 1096 4743 decis.
1119 4677 1162 4744 58
1184 4699 1216 4744 rt.
1238 4672 1260 4743 6
1279 4697 1352 4762 por.
1378 4677 1419 4743 16
1443 4678 1568 4745 liccem.

396 4803 414 4841 «
439 4782 481 4846 Et
511 4783 555 4846 sic
585 4783 767 4850 mandatum
798 4787 957 4853 continens
985 4787 1163 4855 eculutem
1193 4791 1359 4857 confitendi
1389 4789 1546 4869 debitum,
1568 4788 1678 4869 quod·

308 4906 486 4970 rcumque
514 4889 726 4970 iuramentum
759 4895 954 4976 praestandi,
975 4913 1048 4963 cum
1070 4898 1219 4966 facultate
1250 4918 1309 4965 non
1339 4898 1610 4977 contraveniendi,
1640 4905 1678 4965 et
