3734 5750
546 357 602 425 DE
626 350 1010 425 euoeiinssonieus
1033 354 1121 423 cni,
1142 358 1191 422 ΙΙ.
1488 354 1554 421 253

256 523 307 597 is.
330 530 389 595 Eat
406 529 532 610 puriter
553 526 766 592 mnrium
787 525 918 607 speciale
938 524 1129 589 moodotsrs
1152 523 1195 588 nd
1211 523 1395 605 jurandum
1409 526 1493 592 deii·

387 646 489 702 mrem
510 644 690 718 wipertum
711 633 749 699 de
770 634 861 717 [opu.

258 745 308 812 17.
334 746 421 825 Quin
443 750 487 809 est
509 760 609 808 cnoro
630 743 750 825 somne.

258 854 308 921 18.
331 856 433 938 Atque
453 853 497 917 ed
514 850 747 934 pmeeoodom
764 849 991 929 jerooestom
1012 850 1175 931 fidelitate.

280 1093 331 1244 lu
354 1178 508 1263 praesenti
529 1175 632 1258 espite
652 1173 772 1239 multae
792 1178 867 1240 suut
881 1173 1039 1239 faciendae
1054 1171 1283 1251 conclusiones,
1297 1174 1395 1255 prout
1408 1170 1562 1254 multipli-

189 1291 270 1355 citer
290 1291 395 1371 potest
415 1284 512 1350 subiri
534 1283 582 1350 vel
604 1281 717 1347 referri
737 1283 962 1365 jurameutum

281 1395 308 1460 1.
329 1394 435 1462 Prima
449 1393 490 1458 sit
503 1390 680 1469 conclusio,
694 1389 781 1470 quod
796 1388 836 1454 ed
851 1388 1046 1453 oltemudum
1063 1386 1109 1452 vel
1124 1387 1322 1453 subeundum
1337 1385 1560 1468 quodcumque

186 1508 402 1591 jurameutum
426 1500 602 1582 requiritur
624 1496 756 1581 speciale
778 1497 981 1575 mandatum,
1008 1494 1195 1578 Spemtator
1216 1497 1252 1560 io
1273 1497 1320 1560 tit.
1333 1494 1371 1558 de
1383 1509 1514 1577 procer.
1528 1490 1565 1554 io

186 1616 290 1698 princ.
313 1631 347 1677 o.
368 1606 392 1675 1
411 1627 489 1675 sera.
511 1616 617 1685 neto,
641 1606 749 1671 Poris.
773 1624 854 1671 eoos.
875 1600 920 1669 se
943 1623 975 1669 o.
996 1599 1039 1668 11
1063 1603 1113 1668 lii.
1138 1600 1176 1681 1,
1202 1600 1298 1668 Serd.
1312 1618 1397 1666 eona.
1415 1596 1479 1663 1so
1493 1593 1563 1661 rei

189 1721 239 1786 lit.
260 1718 301 1796 1,
328 1717 500 1802 Seruplsin.
521 1715 559 1780 de
579 1715 721 1798 priaiteq.
738 1713 863 1795 jurent
883 1714 988 1796 privil.
1013 1709 1074 1776 111
1099 1730 1132 1776 o.
1153 1708 1175 1776 3
1197 1719 1226 1776 et
1248 1729 1280 1777 o.
1302 1708 1418 1775 eves
1431 1716 1461 1774 et
1474 1707 1563 1772 dieto

189 1827 369 1903 medoen,
390 1824 447 1906 qui
470 1822 586 1894 multos
608 1822 753 1907 elegant

283 1957 301 1996 r
325 1933 376 2000 Ad
398 1930 571 2015 quamlriret
589 1930 759 2013 iuramenti
780 1930 912 2013 speeiem
936 1930 1162 2014 praestandum,
1181 1928 1357 2009 requiritur
1378 1920 1563 1989 mandatum

188 2066 206 2104 s
231 2043 382 2126 speciale,
406 2039 504 2108 card
525 2039 562 2103 de
584 2039 661 2104 Lae.
683 2041 719 2104 de
735 2039 868 2119 judidio
890 2040 965 2104 dise.
986 2037 1008 2102 6
1031 2058 1063 2104 o.
1084 2036 1115 2104 8.

281 2146 486 2215 ederetur
514 2150 622 2212 eutem
652 2145 762 2210 datum
793 2144 976 2210 mandatum
1005 2144 1044 2209 sd
1072 2144 1261 2228 jurandum,
1292 2145 1318 2209 si
1348 2143 1562 2210 constituatur

187 2259 381 2340 procurmor
410 2254 450 2319 ed
481 2253 570 2332 lites,
591 2257 625 2318 et
655 2251 694 2317 od
725 2252 1045 2335 compromitteudum
1077 2270 1151 2317 eom
1177 2252 1384 2332 iuramento:
1406 2251 1457 2317 illa
1479 2250 1563 2315 euim

187 2359 323 2427 nenias
341 2359 466 2443 iurandi
496 2361 616 2426 menta
646 2360 677 2424 in
709 2358 857 2424 mandato
885 2359 925 2424 sd
948 2360 1285 2443 compromittentium,
1306 2360 1493 2426 extenditur
1522 2357 1561 2424 ad

187 2468 295 2534 omniu
319 2467 554 2551 praecedentia,
576 2467 697 2534 &aar
718 2486 801 2532 eoos.
826 2464 890 2532 let
910 2486 943 2533 n
968 2466 1009 2532 19
1032 2476 1060 2532 et
1083 2485 1141 2550 seq.
1163 2465 1264 2532 tos

283 2571 379 2641 tua
402 2573 521 2641 scilieet
542 2574 682 2652 ratione,
703 2575 777 2656 quin
802 2575 852 2639 illa
873 2575 1011 2641 emusule
1034 2592 1109 2640 eum
1130 2577 1327 2659 jurensem,
1342 2577 1374 2640 iu
1389 2577 1450 2640 tine
1463 2576 1564 2658 posita

187 2684 287 2750 debet
300 2682 410 2748 retorsi
425 2682 466 2747 ed
480 2682 584 2747 omnia
606 2682 842 2765 praecedentia,
863 2686 897 2748 et
918 2683 968 2748 ille
991 2682 1165 2764 sequeliter
1190 2681 1418 2761 determinem,
1439 2681 1564 2764 vulgate

190 2793 226 2858 L
243 2792 319 2874 jum
341 2790 399 2854 loe
415 2789 492 2873 jere
510 2789 542 2875 ff
559 2791 597 2855 de
617 2792 699 2873 oolp.
720 2799 748 2856 et
767 2791 894 2874 popili,
917 2809 992 2856 enm
1014 2792 1175 2859 similibus

283 2892 313 2963 1.
333 2898 475 2966 Maxime
496 2900 521 2965 si
546 2899 578 2964 ld
598 2900 728 2965 madeat
748 2900 962 2978 cousuetudo,
986 2905 1024 2968 ut
1045 2902 1152 2967 subdit
1174 2903 1216 2967 ibi
1241 2901 1331 2968 Grai.
1353 2920 1385 2966 o.
1407 2898 1459 2966 21.

284 3004 314 3071 ὃ.
334 3005 457 3073 Sufficit
477 3007 573 3072 etiem
595 3006 634 3072 od
656 3006 739 3071 hunc
761 3006 907 3073 ellectum
939 3009 1121 3075 mandatum
1143 3028 1217 3075 eum
1239 3012 1335 3077 libera
1363 3009 1564 3076 administra·

191 3116 300 3190 tione,
323 3115 359 3181 i„
375 3114 613 3196 jusjurandum
634 3117 718 3199 qood
739 3133 780 3179 ee
802 3119 1003 3181 crematione
1027 3114 1067 3180 17
1091 3114 1347 3202 §procuratam
1361 3123 1395 3184 et
1410 3117 1453 3182 ibi
1469 3114 1565 3181 Glosa.

188 3221 219 3305 ff
235 3222 277 3286 de
293 3219 370 3303 jere
387 3221 519 3302 toras,
543 3221 637 3289 Gran
659 3239 742 3288 eoos.
765 3220 831 3286 278
853 3233 928 3288 note
949 3243 981 3289 o.
1005 3224 1021 3287 1
1047 3243 1124 3290 vers.
1148 3234 1177 3291 et
1198 3228 1305 3307 primo
1326 3228 1362 3290 io
1392 3226 1567 3291 continenti

192 3331 242 3396 til.
266 3328 307 3408 2,
332 3328 462 3413 Serapi.
484 3332 513 3396 d
533 3331 639 3412 prisii.
664 3327 726 3393 111
749 3349 782 3396 o.
803 3327 827 3396 1
846 3348 923 3414 esre.
946 3332 999 3397 aad
1019 3334 1160 3411 eidetm,
1183 3333 1237 3399 ulii
1261 3332 1428 3416 respondet
1450 3332 1566 3399 lemos·

193 3440 393 3506 eontrarium
413 3440 578 3518 sentienti,
599 3448 628 3504 et
650 3457 682 3503 o.
705 3435 726 3502 o
747 3457 823 3504 sera
846 3441 998 3504 oooelodo
1019 3458 1100 3522 erqo

285 3548 316 3615 6.
337 3549 421 3615 llaec
442 3553 549 3615 eutem
571 3547 728 3614 conclusio
750 3547 905 3614 limitetur
927 3548 959 3611 in
982 3547 1139 3629 aliquibus
1159 3547 1290 3628 casibus,
1305 3549 1337 3613 iu
1358 3548 1474 3629 quibus
1487 3562 1562 3629 pro-

194 3661 328 3722 curator
349 3657 445 3722 etiam
467 3673 543 3721 enm
565 3655 712 3722 mandato
742 3655 865 3739 speciali
897 3672 958 3721 uon
990 3660 1093 3739 potest
1111 3657 1229 3740 iurare,
1251 3656 1305 3723 sod
1326 3660 1375 3721 est
1396 3654 1565 3737 iurandum

193 3779 252 3845 rer
276 3762 447 3845 *immet
469 3763 679 3847 perennem

287 3870 319 3936 7.
341 3872 429 3938 Unus
450 3876 499 3938 est
520 3872 552 3936 iu
575 3875 657 3938 teste
677 3871 732 3953 qui
755 3870 959 3954 personaliter
988 3872 1081 3938 debet
1101 3873 1208 3955 jurare
1230 3891 1299 3955 esp.
1322 3872 1393 3936 lieet
1416 3887 1457 3935 eze
1481 3886 1563 3952 qon-

194 3982 284 4056 dam,
308 3982 339 4044 in
363 3980 423 4046 illis
449 3980 551 4046 verbis
580 3982 712 4062 proprio
737 3978 1000 4060 intromittent
1021 3980 1064 4045 ibi
1087 3979 1155 4045 DI).
1186 3980 1245 4044 lroe
1276 3980 1404 4054 notant,
1427 3984 1506 4040 extr.
1528 3974 1566 4038 de

193 4087 308 4166 tertie,
331 4086 422 4151 Bari.
445 4088 481 4152 iss
497 4087 533 4152 L.
547 4089 604 4170 qni
626 4087 707 4152 lene
728 4085 866 4175 tidesat
888 4090 993 4155 aliero
1014 4108 1047 4154 o.
1071 4088 1111 4152 17
1130 4088 1162 4173 ῃ·
1178 4090 1216 4153 de
1237 4090 1344 4152 Mens.
1364 4087 1490 4169 iniret,
1510 4081 1564 4149 Se-

194 4199 326 4280 raphin.
346 4198 376 4262 d
395 4197 500 4279 pellit
524 4193 585 4259 111
610 4215 641 4261 m
665 4194 715 4260 12

285 4302 321 4378 8.
337 4303 428 4370 Alter
447 4321 538 4369 oens
557 4309 607 4370 est
633 4303 758 4385 quaudo
787 4309 945 4370 statutum
978 4308 1114 4387 requirit
1144 4304 1330 4376 formaliter¹
1348 4305 1563 4386 iuramentum

197 4413 387 4496 principalis,
410 4411 442 4476 in
464 4429 529 4494 quo
550 4429 624 4478 essu
647 4413 712 4496 ipse
734 4412 913 4496 principalis
932 4414 1137 4496 personaliter
1155 4412 1262 4495 jurare
1282 4415 1420 4488 tenetur,
1436 4406 1565 4490 Senept.

192 4519 224 4583 d
246 4520 351 4600 privil.
376 4516 439 4582 111
463 4539 495 4585 rs.
520 4516 561 4585 11
583 4537 660 4586 vers
682 4522 828 4587 essedo

288 4624 319 4691 9.
340 4626 482 4696 Secunda
503 4627 674 4694 eouelusio:
702 4629 742 4694 ad
771 4630 967 4696 atterendum
988 4630 1036 4695 rol
1058 4630 1266 4695 subeundum
1279 4632 1457 4697 oeutiouem
1476 4633 1563 4712 juru-

199 4734 313 4800 toriam
336 4739 385 4800 est
405 4737 613 4803 mensurium
636 4737 818 4805 mandatum
839 4736 989 4821 speciale,
1012 4738 1080 4806 llol·
1102 4756 1184 4803 eone
1205 4734 1249 4802 te
1264 4734 1397 4804 11711
1412 4734 1456 4802 te
1470 4735 1519 4800 lsi.
1533 4730 1565 4796 2.

291 4840 340 4908 10.
362 4843 468 4910 Tertia
490 4845 666 4912 oomlusior
688 4845 727 4912 ad
757 4845 955 4912 subeundum
978 4847 1026 4912 vel
1047 4846 1246 4912 remmrsdum
1266 4848 1480 4928 temulentum
1500 4841 1564 4907 litis
