3734 5750
361 504 365 509 ,
487 429 541 497 DE
565 426 949 497 PROCURATORIBUS.
971 428 1058 497 CAP.
1083 428 1232 497 xxxtv.
1479 428 1540 494 183

247 600 296 666 18.
321 601 357 667 Si
375 608 568 683 procurator
582 600 624 664 od
638 600 796 682 ooeudum
818 607 938 664 moueat
961 599 1102 680 oimuom
1126 601 1210 663 titem
1225 603 1475 681 calumniosam,

375 728 440 775 nom
452 709 653 791 praeiudicat
674 708 802 772 domino
823 707 928 790 quoad
949 706 1238 771 condemnationem
1261 709 1295 770 in
1311 710 1475 788 expensis,

375 819 426 882 sed
447 820 513 899 ipse
530 824 724 899 procurator
746 817 830 879 osuit
852 814 1118 880 concensemus.

246 925 294 990 ts.
321 925 356 993 Si
374 934 569 1007 procurator
589 926 629 989 sit
651 924 837 987 constitutus
857 930 970 987 contro
992 939 1206 1005 quoscumque
1233 939 1387 1003 personas
1412 924 1473 985 oti·
1570 995 1574 1005 Ι

372 1032 467 1115 cujus
488 1034 603 1114 sedsed
634 1040 691 1095 aut
723 1032 1073 1112 emmerammenses
1105 1031 1205 1094 sotum
1236 1045 1416 1111 comparere
1438 1031 1473 1092 in

373 1146 480 1209 causis
501 1159 580 1225 euos
611 1140 801 1207 consumes
831 1138 920 1204 nodet
952 1155 1025 1201 eum
1054 1139 1194 1218 personis
1223 1137 1474 1217 particularibus

375 1252 461 1315 ittius
482 1249 601 1330 cotteoii
620 1250 667 1313 oei
688 1249 914 1326 universitatis,
929 1266 993 1310 non
1017 1264 1089 1309 vero
1111 1248 1204 1310 etiam
1227 1247 1261 1308 in
1285 1248 1390 1311 causis
1404 1263 1473 1309 oer-

375 1357 506 1422 tentibus
528 1358 610 1422 inter
632 1359 738 1439 ipsum
761 1359 998 1421 constituentem
1020 1365 1048 1419 et
1071 1355 1189 1419 dictum
1221 1357 1395 1437 codonium,
1417 1373 1471 1418 seu

370 1464 614 1530 universitatem.

241 1573 291 1639 2⁰.
313 1572 503 1638 Mandatum
525 1574 651 1654 [aetum
682 1580 795 1636 eontra
825 1589 1040 1655 quascumque
1067 1589 1218 1655 personas
1253 1573 1287 1635 de
1318 1572 1470 1634 uniuersi·-

368 1690 441 1759 tate,
454 1681 580 1762 cottonis
595 1682 641 1744 oet
655 1681 804 1761 capituto,
821 1699 886 1744 non
901 1682 1086 1763 intettiaitur
1098 1682 1224 1762 sactum
1239 1690 1351 1745 contra
1366 1683 1469 1763 ipsam

368 1791 624 1866 uniuersitatem,
645 1789 806 1870 eodeoium
827 1791 874 1853 oet
895 1789 1080 1871 capitutum.

237 1898 289 1964 21.
313 1898 399 1963 Istae
422 1905 498 1962 sunt
515 1913 669 1978 personae
688 1898 783 1980 fictae

235 2003 288 2070 22
312 2004 381 2072 Non
405 2006 536 2068 ueniunt
555 2006 685 2086 proprie
705 2007 913 2087 spoctatione
932 2023 1154 2088 personarum.

235 2109 289 2177 23.
316 2110 458 2175 Procedit
482 2111 518 2173 in
540 2112 689 2176 mandato
719 2114 806 2194 sacto
828 2114 866 2177 ab
888 2123 1014 2188 actore,
1048 2133 1111 2178 uon
1143 2124 1247 2179 autem
1282 2133 1301 2177 a
1332 2134 1384 2178 reo
1413 2118 1469 2197 qui

367 2225 466 2298 potest
495 2217 621 2300 defendi
642 2236 663 2280 o
684 2238 742 2283 suo
769 2231 995 2302 procuratore,
1028 2225 1150 2286 etiamsi
1181 2223 1219 2286 ai
1247 2224 1467 2299 universitate,

371 2325 496 2406 cottooio
518 2326 564 2389 oet
585 2327 725 2407 capituto
746 2337 858 2391 contro
881 2346 954 2392 eum
976 2340 1100 2410 anatur.

234 2433 289 2499 tt.
312 2433 490 2499 Dummodo
506 2450 571 2497 non
586 2434 774 2512 notuntorie
788 2437 841 2500 sed
854 2454 894 2499 ex
914 2438 1092 2501 amessitatc
1114 2440 1217 2501 veniat
1240 2440 1283 2499 od
1299 2439 1467 2518 judicium.

234 2541 288 2605 25.
312 2539 486 2606 Gtousutoc
516 2542 723 2620 quantumuis
753 2544 912 2624 ueneratus
942 2552 969 2607 et
999 2545 1210 2625 ampttssimoe
1242 2547 1400 2625 appositae
1432 2549 1463 2608 in
1505 2596 1507 2599 ,

366 2644 528 2710 mandatu
550 2649 789 2730 restringuuntur
811 2651 854 2713 ad
875 2650 1001 2714 tsoiitio.

234 2751 288 2819 to.
312 2752 381 2820 Non
403 2761 510 2817 autem
532 2754 574 2817 ad
595 2770 632 2818 ea
654 2772 736 2837 quae
757 2766 833 2821 sunt
853 2758 945 2840 faeti,
968 2760 1020 2822 sed
1037 2760 1130 2838 juris.

235 2858 287 2924 27.
310 2858 491 2943 Numquam
524 2870 699 2943 operantur
720 2873 756 2929 ut
778 2873 943 2929 censeatur
973 2865 1049 2931 dato
1078 2868 1220 2949 tanmem
1251 2862 1468 2951 ditopidandi‚

366 2979 393 3034 et
416 2977 559 3035 cenmtur
581 2987 699 3052 suuper
720 2981 849 3055 eoeepta
869 2974 966 3056 fraus
988 2983 1016 3037 et
1038 2976 1135 3038 dotus.

255 3211 463 3364 Dioebomus
483 3315 579 3381 supra
601 3298 701 3380 capito
724 3300 939 3381 praecedenti,
962 3300 1203 3365 mandatumst
1229 3301 1298 3367 titos
1320 3301 1398 3382 fiori,
1415 3301 1459 3365 rei
1476 3319 1529 3384 go

171 3407 334 3485 moraliter,
356 3406 402 3472 soi
423 3406 463 3470 ad
491 3411 610 3472 oertom
641 3424 782 3484 consum,
813 3408 859 3472 vei
882 3408 922 3472 od
945 3413 1068 3473 certum
1098 3409 1267 3473 articulum
1291 3408 1475 3486 dumtaxot3
1497 3412 1530 3471 et
1660 3423 1663 3428 ·

170 3517 207 3581 de
227 3514 357 3600 singulis
377 3532 442 3582 osse
457 3515 688 3594 disserendum,
703 3521 736 3579 et
751 3516 782 3580 in
797 3517 907 3599 primis
928 3517 968 3581 do
992 3516 1138 3600 generati.
1161 3518 1198 3582 lo
1221 3504 1280 3581 hoe
1303 3518 1408 3598 itoque
1429 3516 1529 3600 sopite

173 3623 336 3689 ridendum
357 3628 422 3702 ost,
444 3624 514 3704 quis
539 3622 663 3688 dicotur
684 3622 800 3688 habere
822 3624 1005 3690 mandatum
1028 3623 1188 3706 generato:
1218 3641 1292 3688 mox
1317 3624 1347 3686 in
1371 3623 1527 3703 sequenti-

170 3735 227 3799 bus
246 3732 399 3815 capitibus
419 3731 602 3808 ridebimus,
623 3730 662 3794 od
684 3748 765 3811 quoe
780 3749 812 3796 se
826 3732 975 3798 extendat
992 3731 1144 3815 generatis
1166 3730 1379 3812 procuratoris
1400 3727 1529 3792 tsouttos

169 3844 200 3903 et
222 3842 366 3922 potestas.

254 3944 285 4009 t.
306 3947 497 4011 Procurator
519 3946 619 4029 igitur
642 3946 793 4030 generatis
816 3946 854 4010 od
877 3946 946 4011 litos
967 3952 1029 4025 cst,
1051 3951 1084 4011 ot
1106 3948 1247 4030 generato
1269 3945 1451 4010 mondotom
1473 3941 1529 4006 ho-

172 4055 239 4119 bere
269 4053 390 4120 dieitur
420 4072 481 4118 ooo
512 4054 611 4120 solum
642 4056 766 4137 quondo
797 4057 989 4122 constituens
1011 4057 1153 4140 generale
1184 4054 1315 4139 oppsttot
1345 4052 1526 4118 mandatum

171 4160 248 4238 qood
270 4159 318 4224 illi
340 4160 499 4242 eonoodit,
523 4162 630 4228 Cetsus
652 4162 745 4246 Huuo
766 4183 848 4229 cous.
869 4163 890 4226 7
914 4185 945 4230 n.
971 4163 1007 4228 1:

250 4268 282 4332 2.
304 4270 386 4335 Puto
407 4270 432 4333 si
454 4270 527 4349 quis
546 4271 717 4337 constituos
738 4277 975 4354 procuratorem
998 4272 1037 4337 od
1059 4279 1178 4338 certam
1194 4288 1318 4336 ooosom
1341 4277 1375 4337 et
1397 4289 1526 4354 genero-

172 4377 236 4442 titer
255 4377 299 4450 sd
322 4396 428 4443 amoos
450 4378 525 4443 alios
546 4395 661 4455 causas,
683 4382 970 4461 quod-mandatum
993 4380 1136 4464 generate
1158 4397 1222 4446 osse
1243 4379 1320 4443 dicit
1343 4379 1426 4445 iiim.
1451 4377 1526 4442 tun.

172 4503 244 4551 witi.
265 4484 335 4551 615
358 4507 388 4551 ti.
412 4486 456 4551 25
478 4487 527 4552 tib.
549 4484 582 4549 6:
1203 4515 1205 4518 ·

248 4592 278 4660 3.
302 4595 423 4661 Verum
446 4597 541 4662 etiam
564 4594 688 4675 quondo
710 4598 742 4661 io
757 4600 973 4679 procuratorio
995 4598 1140 4680 adiicitur
1162 4594 1264 4675 atiquo
1287 4592 1420 4658 oioosuio
1445 4607 1525 4672 quoe

172 4702 396 4779 generalitatem
419 4703 577 4786 importat

251 4831 267 4868 s
293 4805 480 4876 Mandatum
502 4810 638 4876 efficitur
662 4813 804 4895 generato
826 4812 864 4876 od
888 4830 994 4877 omnus
1023 4817 1127 4889 octus,
1151 4813 1236 4876 nulio
1267 4814 1439 4896 specialiter
1471 4810 1524 4872 do-

171 4916 350 4982 «moodoto
373 4919 510 4999 negocio,
534 4935 590 4983 neo
612 4919 713 4999 otique
737 4921 925 5002 praescripto
949 4922 1027 5005 tege,
1042 4939 1081 4986 ex
1098 4923 1232 4988 clausula
1255 4942 1327 4986 eum
1352 4923 1447 4985 litero
1470 4922 1525 5001 {o-
