3734 5750
300 391 365 460 312
609 365 611 369 ’
730 387 930 457 nonovrcr
953 387 1077 457 canor
1098 387 1244 457 rnacr.

299 569 338 632 ab
359 583 397 630 eo
419 564 459 628 ad
482 563 552 628 lites
573 567 607 626 et
627 573 736 625 causas
755 560 988 639 constitutum,
1012 578 1070 643 pro
1093 560 1308 641 consequendo
1329 561 1441 625 salario
1463 563 1597 647 proponi
1618 564 1671 632 de

298 677 381 756 beat,
402 677 440 738 ut
455 671 637 737 comiderat
661 668 792 733 Montio.
816 669 852 732 de
875 669 960 732 tacit.
982 676 1010 732 6
1034 668 1146 749 amoto.
1177 678 1317 733 convent.
1339 668 1390 732 lid.
1411 667 1433 731 7
1455 672 1501 735 at.
1523 669 1546 731 2
1568 691 1599 736 6.
1621 670 1652 736 7.

391 779 418 846 1.
439 781 522 849 Gom
545 785 653 845 autem
675 776 859 844 mandatum
882 777 1072 842 considerari
1087 779 1185 861 possit
1206 777 1322 860 duplici
1345 785 1508 862 respectu,
1524 799 1587 846 uno
1601 781 1673 863 qui·

298 889 371 953 dem
393 893 536 972 respectu
559 888 775 972 procuratoris
795 891 831 951 et
854 888 921 969 ejus
941 890 1050 951 matra
1072 904 1168 967 quem
1186 886 1253 953 luit
1274 888 1318 952 illi
1341 889 1452 954 datum
1474 891 1673 968 mandatum,

297 995 399 1061 altero
422 1007 496 1061 varo
514 1002 662 1078 respectu
684 994 862 1061 mandantis
876 1000 910 1060 et
925 994 1088 1076 ipsiusmet
1110 997 1325 1079 procuratoris
1347 999 1521 1081 constituti,
1537 1006 1574 1066 ut
1587 1001 1672 1066 dixit

299 1100 391 1165 Bart.
414 1105 451 1167 io
474 1105 509 1168 L.
534 1101 551 1164 1
576 1101 600 1189 §
625 1102 641 1165 1
667 1123 699 1167 6.
722 1099 743 1166 8
764 1102 796 1185 ff
813 1104 920 1167 moad.

388 1208 417 1273 2.
439 1212 546 1276 Primo
570 1216 715 1294 respectu
746 1227 869 1294 semper
897 1212 1004 1276 oritur
1035 1213 1116 1278 aetio
1150 1212 1304 1295 mandati,
1327 1216 1391 1280 sive
1418 1216 1600 1283 mandatum
1630 1220 1671 1284 sit

300 1321 488 1404 gratuitum,
509 1321 574 1385 sive
599 1305 798 1402 procuratori
820 1318 919 1385 inerit
942 1321 1150 1399 coustitutum
1173 1327 1299 1387 certum
1322 1323 1488 1404 salarium,
1512 1342 1585 1389 nam
1607 1325 1672 1390 sul-

299 1429 366 1494 ficit
388 1429 472 1509 quod
505 1433 693 1511 procurator
722 1427 836 1496 habeat
858 1429 978 1494 domini
1001 1428 1212 1508 voluntatem,
1234 1430 1298 1493 sive
1320 1448 1377 1512 per
1406 1432 1590 1514 pecuniam,
1611 1431 1673 1496 sive

297 1537 358 1600 alio
381 1537 484 1615 modo,
507 1543 545 1604 ut
566 1537 725 1602 concludit
749 1536 792 1600 ibi
814 1536 905 1601 Bort.
927 1556 960 1602 6.
977 1533 1006 1600 3.

387 1643 416 1711 3.
439 1647 582 1715 Secundo
606 1664 680 1712 vero
703 1650 859 1728 respectu,
882 1646 909 1709 si
930 1645 1114 1710 mandatum
1138 1663 1198 1708 non
1221 1650 1269 1710 est
1291 1646 1487 1728 gratuitum,
1509 1645 1564 1710 sed
1592 1651 1670 1710 tern-

298 1774 374 1839 pore
396 1757 462 1820 dati
485 1755 624 1821 mandati
646 1755 709 1820 luit
731 1754 769 1819 de
791 1759 878 1819 certo
901 1752 1014 1820 salario
1036 1754 1065 1822 el
1089 1753 1274 1840 praestando
1297 1758 1497 1832 conventum,
1512 1757 1546 1817 et
1561 1770 1669 1817 secun

297 1866 374 1929 dum
398 1865 490 1929 Boot.
515 1864 542 1927 d.
565 1885 597 1928 6.
620 1862 641 1927 3
663 1881 725 1927 non
756 1863 874 1927 dicitur
905 1863 988 1926 inter
1019 1861 1219 1926 mandantem
1247 1865 1281 1925 et
1311 1859 1544 1925 mandatarium
1577 1859 1672 1922 initus

297 1976 479 2039 contractus
510 1971 647 2040 mandati
663 1973 708 2036 »ad
730 1971 877 2036 adactum
902 1977 940 2035 ut
962 1971 1065 2053 pariat
1096 1970 1250 2034 actionem
1282 1968 1439 2047 mandati,
1470 1964 1668 2049 intelligendo

298 2089 402 2149 tamen
422 2084 463 2148 de
486 2083 626 2162 directa,
648 2083 754 2147 oritur
774 2082 860 2145 enim
882 2082 965 2145 actio
988 2078 1128 2143 mandati
1148 2078 1305 2143 contraria
1329 2075 1528 2146 adtamen
1556 2088 1666 2155 procu-

298 2192 412 2255 ratoris
436 2196 501 2255 tam
523 2191 561 2255 ad
586 2190 714 2274 negocia
738 2207 833 2270 quam
857 2188 896 2252 ad
919 2187 1175 2253 litesccostituti
1196 2190 1305 2251 contra
1328 2185 1492 2250 dominum
1507 2189 1542 2247 et
1556 2181 1668 2246 consti-

298 2303 441 2364 tuentem
464 2318 522 2382 pro
544 2299 760 2380 consequendo
779 2297 893 2362 ,salario
916 2301 1086 2374 convento,
1110 2296 1144 2359 L.
1170 2290 1185 2354 1
1211 2296 1246 2357 in
1268 2294 1340 2376 do,
1361 2295 1395 2356 et
1426 2291 1483 2356 ilri.
1500 2287 1598 2354 Gloss
1618 2288 1667 2370 to.

297 2406 362 2470 cod.
384 2407 506 2482 mund..
532 2405 628 2472 Gloss.
649 2409 685 2470 ia
709 2407 743 2470 L.
766 2407 924 2470 calaritan
946 2406 982 2468 in
1004 2404 1083 2469 cert.
1104 2405 1133 2467 ai
1156 2413 1248 2467 actm
1269 2403 1410 2466 ordinem
1431 2400 1463 2482 ff
1479 2417 1513 2463 ao
1534 2400 1582 2463 tlt

384 2508 414 2576 6.
436 2514 469 2580 Si
493 2532 566 2578 vero
588 2519 731 2597 ternpore
754 2514 827 2578 facti
851 2513 990 2577 mandati
1012 2531 1074 2577 non
1095 2512 1158 2577 fuit
1177 2515 1366 2577 moratum
1388 2510 1428 2574 de
1450 2513 1538 2573 certo
1560 2507 1667 2572 salario

296 2623 495 2701 procuratori
517 2622 722 2703 praestando,
746 2620 798 2685 sed
821 2625 1010 2703 procurator
1027 2621 1099 2703 egit
1120 2620 1207 2686 litam
1231 2620 1264 2683 in
1286 2619 1355 2684 loco
1377 2619 1410 2682 iu
1431 2636 1496 2699 quc
1519 2633 1668 2700 procura-

296 2728 421 2792 toribus
442 2730 541 2794 solent
563 2730 672 2794 salaria
696 2729 859 2811 praestari,
880 2734 914 2793 et
938 2729 1002 2810 ipse
1024 2734 1072 2793 est
1093 2730 1202 2794 solitus
1222 2729 1370 2794 salarium
1395 2729 1591 2810 reciperem
1610 2726 1666 2791 do

295 2837 399 2902 minus
430 2837 494 2903 litis
515 2844 562 2904 est
585 2838 696 2904 solitus
718 2837 866 2903 salarium
890 2837 1091 2920 procuratori
1114 2841 1292 2918 praestare,
1315 2835 1375 2901 hoe
1397 2852 1489 2913 casu,
1512 2835 1588 2900 licat
1610 2835 1668 2901 iste

296 2950 485 3026 procurator
506 2965 564 3028 pro
587 2946 804 3028 consequendo
826 2945 940 3011 salario
960 2962 1022 3008 nou
1044 2946 1142 3027 possit
1164 2946 1320 3032 intentare
1342 2946 1498 3013 actionem
1521 2944 1669 3021 mandati,

297 3052 333 3116 L.
354 3056 522 3133 6666666,
535 3057 610 3119 ‘cod
632 3057 758 3132 mand,
775 3055 811 3118 L.
834 3057 890 3138 qui
909 3064 1061 3118 mutuom
1084 3051 1107 3139 S
1130 3055 1288 3119 66666666
1308 3051 1340 3134 ff
1356 3070 1392 3116 eo
1409 3053 1473 3129 lit..
1486 3056 1521 3115 et
1540 3048 1667 3115 deducit

296 3158 414 3223 Fruar.
439 3159 585 3227 Coacon.
608 3172 812 3227 commentar.
829 3162 898 3243 jor.
914 3161 1000 3228 lila'l
1022 3179 1091 3243 cap.
1116 3158 1229 3228 1666
1245 3161 1313 3234 aad
1328 3180 1405 3226 cers.
1427 3162 1479 3225 aad
1500 3178 1535 3223 eo
1555 3159 1664 3222 aaa·

295 3273 365 3328 666
387 3276 454 3346 66·

383 3374 412 3438 6.
434 3377 502 3442 Non
525 3386 573 3445 est
595 3385 700 3444 tamon
723 3380 894 3445 destitutus
917 3381 1050 3458 actione,
1064 3380 1117 3444 sed
1136 3379 1392 3447 illisubranitur
1414 3380 1461 3445 vel
1482 3379 1604 3443 actione
1618 3377 1664 3441 lo-

294 3484 374 3564 cati,
390 3488 479 3566 quasi
503 3487 652 3554 locarant
672 3504 782 3571 operas
804 3505 876 3552 suas
896 3489 988 3570 §unta
1005 3489 1269 3553 consuetudinem
1292 3492 1368 3553 'suae
1385 3494 1547 3570 personae.
1561 3489 1595 3549 et
1616 3499 1665 3546 re·

294 3591 405 3675 glanis,
427 3592 524 3659 Gloaa.
541 3593 557 3657 1
576 3598 611 3659 io
625 3598 728 3677 prior.
744 3598 841 3660 instit.
855 3596 893 3659 de
906 3599 1024 3675 moad..
1042 3595 1215 3662 66666666
1235 3600 1272 3661 io
1292 3598 1328 3661 L.
1343 3604 1469 3677 eccepto
1483 3594 1549 3658 cod
1564 3595 1664 3669 locut,

294 3697 388 3764 Burt.
409 3701 446 3765 66
470 3702 505 3766 L.
528 3701 593 3789 l·§
618 3704 686 3768 666
706 3722 828 3787 poaque
850 3705 885 3766 in
906 3706 959 3787 fio
971 3704 1002 3787 sl
1011 3705 1048 3768 de
1070 3707 1170 3771 acriis
1190 3717 1220 3781 et
1243 3704 1441 3775 ommacio.
1456 3703 1579 3782 copula„
1595 3698 1664 3763 Mc·

293 3816 378 3872 root.
401 3827 484 3876 cons.
507 3809 552 3875 36
574 3834 605 3877 6.
629 3812 679 3878 16.

384 3937 402 3975 a
426 3919 488 3982 Pro
509 3921 549 3986 ils
570 3922 689 3989 salariis
700 3924 928 4005 consequendis
941 3926 1069 4009 pmprie
1093 3942 1154 3990 non
1178 3926 1330 4007 competit
1350 3925 1432 3989 actio
1454 3923 1567 4002 locati,
1590 3940 1661 4005 pro

178 4066 180 4070 2
295 4045 312 4082 a
337 4028 408 4104 pter
429 4029 644 4097 excellentiam
667 4032 781 4098 harum
803 4048 991 4116 operarum,
1013 4052 1088 4098 eum
1105 4034 1205 4118 magia
1219 4033 1357 4097 beneficii
1380 4031 1447 4095 loco
1469 4028 1661 4101 habeantur,

293 4150 311 4189 a
337 4132 469 4214 ideoque
492 4136 697 4205 honorarium
718 4141 933 4224 appellantur,
956 4141 1261 4224 tamquam'praetic
1282 4141 1460 4205 nummario
1488 4157 1550 4204 non
1580 4138 1661 4203 exti-

295 4258 313 4293 o
337 4241 484 4323 mandam
505 4254 699 4330 quapropter
721 4249 861 4314 advocati
883 4251 1125 4334 distinguuntur
1147 4251 1186 4314 ab
1208 4251 1247 4315 iis
1268 4251 1323 4331 qui
1345 4251 1446 4313 locant
1460 4264 1571 4329 operas
1592 4264 1664 4311 suas

294 4364 311 4400 «
336 4361 393 4424 pm
416 4352 558 4416 mercede
567 4363 694 4436 ‚prout
715 4374 768 4421 eos
789 4358 833 4422 ita
854 4358 1038 4441 distinguit,
1070 4357 1098 4423 J.
1123 4358 1157 4426 0.
1180 4361 1215 4422 ia
1240 4358 1276 4422 L.
1298 4360 1355 4441 qui
1374 4374 1486 4438 operas
1506 4351 1548 4423 61
1571 4356 1603 4438 li
1619 4357 1662 4420 lo

292 4455 410 4532 secti,
430 4461 467 4521 et
489 4461 587 4525 trudit
608 4462 717 4528 166666
741 4464 886 4546 depone
893 4466 1016 4547 discapt
1041 4466 1104 4532 109
1126 4465 1225 4546 616,
1247 4467 1458 4617 diocaesarea.
1478 4467 1523 4535 66
1548 4464 1662 4532 samue

291 4559 460 4643 6166966
483 4568 532 4632 lid.
555 4568 686 4636 amar.
709 4571 805 4639 666.
827 4570 879 4637 ao.
1010 4614 1013 4619 ,

359 4665 487 4739 6661
509 4680 630 4743 actim
661 4683 860 4765 praescriptio
891 4684 1012 4761 serbis,
1032 4684 1071 4747 L
1103 4684 1264 4749 66666666
1286 4682 1310 4769 S
1333 4684 1386 4749 sed
1413 4685 1451 4749 ai
1470 4685 1559 4765 socio
1580 4683 1611 4765 ll
1624 4682 1663 4745 dt

285 4785 547 4955 marzolo,
574 4787 676 4958 {get
673 4792 723 4855 ta
748 4792 783 4857 L
803 4795 830 4856 6·
852 4794 1083 4859 remunerandi
1104 4790 1128 4877 S
1147 4796 1202 4876 liar.
1225 4795 1259 4858 io
1277 4794 1333 4875 fito
1355 4791 1568 4873 66666666,
1589 4788 1665 4855 dic-

289 4896 375 4952 mut
526 4911 557 4956 6
1540 4930 1543 4943 .
