3734 5750
703 391 921 461 :BUDOVlGi
942 392 1064 463 cunci
1086 393 1231 462 mor.

356 564 405 633 16.
429 567 555 633 Habeas
577 567 730 650 sufficiens
751 562 943 627 mundorum
965 562 1009 625 ud
1029 564 1299 645 respondendum,
1313 563 1499 644 respondere
1513 565 1593 627 uniet

484 681 578 743 dium
600 675 845 741 sioducrsorisu
858 671 944 736 usitet
954 670 1086 752 iurum,
1103 680 1131 738 et
1146 672 1331 755 respoadcri
1345 687 1403 754 per
1423 672 1592 753 ipsummet

483 785 705 869 principalem.

358 898 408 963 17.
432 895 501 963 Nisi
523 896 615 961 odio
637 902 795 959 simutant
817 890 1004 971 disponeret.

357 1006 406 1071 18.
432 1004 468 1072 Si
487 1013 682 1087 procurator
704 1000 815 1065 bobrot
858 998 992 1078 speciale
1015 996 1206 1061 memsam
1229 995 1272 1059 od
1294 995 1338 1059 sic
1360 1003 1388 1058 et
1403 995 1449 1058 sic
1463 1009 1593 1074 respos-

486 1112 644 1188 dcndum‚
666 1108 819 1190 consocio
842 1105 881 1170 ob
904 1120 940 1169 eo
962 1105 1053 1187 (octo
1076 1104 1202 1169 dmaiso
1221 1103 1433 1184 praeiudicat.

356 1221 406 1287 19.
430 1220 500 1289 Non
522 1220 638 1284 iubens
661 1217 722 1280 tate
744 1214 948 1291 mundatoris,
969 1229 1016 1277 on
1038 1212 1209 1294 cmptsodo
1230 1211 1358 1275 dominc
1376 1208 1591 1291 meoiudicio,-

488 1343 661 1393 reuersum:

379 1649 407 1717 1.
430 1563 603 1739 Quoniam
633 1667 706 1733 sepe
734 1648 892 1733 contingit
913 1648 998 1729 quod
1022 1647 1054 1711 in
1075 1646 1200 1730 judiciis
1223 1646 1286 1713 sint
1309 1644 1467 1712 iaciendas
1489 1645 1656 1730 positiones

287 1761 326 1827 ad
348 1761 496 1826 effectum
522 1765 559 1824 ut
579 1775 620 1823 ex
643 1758 894 1841 responsionibus
907 1756 1075 1822 adversarii
1090 1774 1207 1840 ponens
1228 1755 1388 1821 relevetur
1408 1755 1448 1821 ab
1467 1772 1561 1819 onere
1583 1773 1657 1837 pro·

289 1867 399 1944 bendi,
422 1866 459 1929 b.
474 1882 546 1930 eum
568 1864 625 1947 qui
647 1866 683 1929 in
708 1862 725 1928 1
749 1882 888 1946 aspona
907 1864 983 1947 με
992 1863 1189 1947 jurejurans,
1204 1882 1273 1946 cop.
1288 1864 1460 1929 omnim
1473 1864 1511 1929 dc
1526 1864 1657 1946 consess

288 1974 338 2040 iii.
360 1970 400 2053 6,
426 1972 613 2055 speramur
633 1974 669 2036 irs
691 1973 737 2037 tit.
759 1973 796 2036 ds
816 1970 1007 2057 parisiens
1030 1969 1068 2051 1,
1089 1977 1123 2039 et
1144 1973 1197 2039 iiii
1220 1973 1353 2056 passim:

378 2104 396 2143 s
421 2081 592 2148 Positiones
622 2086 698 2147 sunt
736 2081 878 2147 inventae
917 2084 957 2145 ut
995 2099 1111 2163 ponens
1151 2082 1309 2147 relevetur
1344 2097 1401 2163 per
1436 2080 1655 2146 contessionem

289 2213 307 2252 a
332 2191 430 2273 pertis
449 2192 489 2256 ub
511 2207 604 2255 onere
626 2190 794 2274 probandi,
820 2191 961 2255 ibomut.
982 2192 1073 2255 decis.
1095 2189 1140 2254 70
1163 2210 1195 2256 ra
1216 2189 1238 2254 7
1257 2207 1331 2272 por.
1357 2188 1384 2254 1.

376 2297 471 2366 ulit
501 2300 647 2365 similiter
676 2300 883 2382 positionibus
912 2298 1080 2364 adversarii
1113 2299 1236 2381 saepius
1265 2305 1314 2365 est
1336 2297 1603 2382 reqiondendum,
1624 2300 1657 2361 et

289 2411 394 2490 posset
413 2406 571 2485 dubitari,
593 2425 633 2471 an
654 2408 727 2488 quis
747 2407 849 2472 valeat
869 2407 919 2472 uti
941 2408 1115 2474 ministerio
1137 2408 1371 2491 procuratoris,
1389 2413 1456 2473 tam
1477 2406 1517 2472 nd
1540 2424 1656 2490 ponen-

288 2516 384 2596 dum,
407 2533 502 2597 quam
524 2517 563 2582 sd
586 2515 856 2599 respondendum,
877 2534 940 2582 non
962 2517 1016 2581 abs
1038 2532 1073 2580 re
1096 2533 1147 2581 me
1167 2516 1328 2582 iacturum
1349 2515 1526 2581 existimavi
1549 2515 1576 2581 si
1599 2514 1658 2580 boc

288 2623 391 2707 capite
421 2622 581 2688 videamus
612 2625 704 2706 quale
734 2624 918 2689 mandatum
948 2625 991 2690 sit
1019 2625 1229 2690 ncoessarinm
1261 2625 1300 2689 ad
1328 2624 1388 2689 boe
1410 2629 1447 2690 ut
1467 2628 1657 2708 procurator

287 2732 386 2815 possit
407 2732 574 2798 eilicseiter
594 2749 728 2815 ponere,
751 2732 797 2797 ssi
820 2732 1026 2814 positionibus
1047 2733 1245 2816 respondere

377 2836 407 2906 3.
429 2839 539 2921 Quoad
563 2842 696 2925 primum
720 2845 841 2925 partem
865 2840 970 2919 dubii,
993 2841 1162 2907 scribentes
1183 2842 1216 2906 in
1230 2858 1300 2907 esm
1317 2841 1442 2908 iverunt
1456 2839 1660 2919 sententiam,

287 2947 372 3032 quod
393 2966 457 3014 nou
480 2953 553 3014 sunt
584 2948 795 3014 admittendae
825 2949 993 3032 positiones
1014 2967 1071 3033 per
1094 2955 1332 3032 procuratorem
1358 2951 1581 3035 procuratorio
1602 2968 1659 3014 nu-

273 3049 374 3123 ‘mine
396 3057 427 3120 in
447 3056 563 3139 judicio
584 3056 753 3135 exhibitae,
773 3055 832 3122 nisi
855 3057 968 3123 hubent
996 3057 1178 3124 mandatum
1200 3058 1239 3123 sd
1262 3058 1307 3123 sic
1328 3063 1362 3124 et
1383 3058 1429 3123 sic
1458 3057 1656 3141 ponendum,

292 3166 395 3234 Neoiz.
418 3183 499 3230 cons.
521 3165 543 3229 7
564 3185 597 3231 n.
623 3164 665 3229 12
686 3176 714 3232 et
736 3168 848 3249 intro,
873 3166 943 3232 Rct
964 3166 1053 3231 decis
1074 3163 1142 3229 779
1166 3184 1198 3231 a.
1213 3162 1236 3229 3
1247 3183 1321 3250 por.
1337 3163 1359 3227 2
1375 3165 1511 3242 Recens,
1527 3163 1658 3227 Addest

288 3277 332 3341 ud
354 3274 481 3357 (ἔφερον.
507 3274 571 3341 XV
587 3275 676 3339 decis.
702 3271 768 3337 282
789 3293 821 3339 re
842 3272 864 3338 9
886 3292 963 3340 ocos
984 3276 1032 3338 itu
1054 3275 1168 3351 esiam,
1193 3271 1361 3355 Seropbire
1381 3272 1418 3336 ds
1439 3272 1577 3353 prioiieq.
1593 3268 1654 3349 ju·

288 3399 370 3447 rum.
388 3382 494 3463 privii.
517 3379 578 3445 111
603 3402 635 3447 n.
657 3379 696 3462 6,
721 3380 874 3448 Coboiiin
896 3383 939 3447 od
960 3384 1082 3449 constit.
1105 3380 1340 3448 dissaisiti
1363 3382 1410 3447 tit.
1434 3378 1473 3444 11
1499 3381 1534 3444 in
1556 3376 1657 3443 Gtosa

290 3490 324 3554 in
338 3488 674 3570 uerbprocnrotorum
686 3510 718 3555 a.
731 3485 842 3556 teas.
855 3492 1253 3575 quadrupenmusprimus,
1270 3489 1407 3557 comae
1420 3490 1512 3554 decis.
1525 3488 1655 3554 mmm

288 3595 354 3661 215
375 3616 408 3662 re
433 3595 449 3659 1
474 3606 502 3663 et
524 3598 651 3680 sapon
682 3599 828 3664 similiter
857 3599 948 3665 deois.
970 3601 1103 3666 Lucere
1127 3597 1168 3664 13
1191 3618 1223 3665 sa
1246 3595 1300 3663 31.
1321 3598 1410 3663 Licet
1431 3595 1529 3678 aliqui
1552 3592 1658 3659 dicuni

289 3707 410 3790 requiri
425 3707 609 3774 mandatum
631 3707 779 3790 speciale,
801 3706 899 3788 ntiqui
921 3725 996 3772 vero
1018 3707 1201 3774 mundatum
1216 3705 1376 3790 singulare
1389 3707 1424 3769 et
1437 3702 1655 3773 individuum,

288 3814 512 3880 confundentes
534 3815 610 3879 istos
631 3815 801 3896 terminos,
822 3820 860 3881 ut
882 3815 1022 3882 diximus
1042 3832 1137 3899 supra
1159 3834 1229 3897 cop.
1251 3814 1295 3879 11
1314 3814 1372 3881 sub
1393 3832 1425 3878 n.
1450 3807 1501 3876 13.

362 3943 396 3983 δα
421 3922 470 3987 Ad
493 3920 672 4004 ponendum
694 3922 871 4003 requiritur
893 3923 1146 4005 specialissimum
1177 3925 1211 3988 et
1240 3920 1438 3987 individuum
1461 3918 1656 3989 suentisium,

290 4029 846 4112 «Ybomotdeciaitin.iipnr.
870 4028 899 4096 1.

376 4162 396 4201 α
420 4141 471 4206 Ad
492 4139 671 4222 ponendum
695 4140 726 4203 in
749 4144 956 4223 procuratore
986 4139 1164 4220 requiritur
1192 4137 1375 4205 mundatum
1397 4134 1656 4221 specidisu‘nmm

289 4268 308 4308 c
330 4247 375 4312 sie
395 4253 430 4312 et
450 4249 513 4326 sio,
536 4248 581 4314 ita
605 4251 642 4313 ut
664 4248 739 4312 siias
760 4248 832 4329 quis
852 4247 891 4313 sd
915 4247 1164 4330 respondendum
1187 4265 1249 4312 non
1270 4249 1436 4324 tenentur,
1452 4244 1592 4312 omnint
1613 4240 1658 4306 od

291 4375 309 4414 α
334 4361 441 4417 omns
466 4354 626 4436 saproc.
649 4354 699 4420 oo.
721 4353 748 4416 2v
764 4356 851 4421 mbr.
872 4352 895 4422 6
917 4374 950 4420 n
972 4354 1002 4421 6.

376 4480 395 4518 s
418 4458 618 4526 Contrarium
642 4468 765 4542 umen,
788 4463 913 4544 quando
933 4463 1051 4531 scilicet
1072 4465 1251 4548 principniis
1270 4469 1319 4532 est
1347 4479 1493 4548 prensens
1514 4462 1546 4528 in
1568 4461 1657 4539 ioco,

290 4567 377 4631 «itu
398 4570 439 4631 ut
457 4568 497 4632 de
527 4571 682 4637 contentis
702 4571 734 4636 in
756 4572 962 4655 positionibus
992 4574 1089 4656 possit
1118 4577 1358 4656 procursionem
1388 4574 1545 4638 instruere
1569 4567 1656 4633 tenet

287 4697 308 4737 a
333 4675 497 4739 Miotoior.
519 4678 554 4742 de
575 4681 723 4759 position
745 4698 813 4762 cop.
835 4675 879 4745 21
900 4699 932 4745 n.
954 4678 976 4743 7
999 4690 1028 4745 et
1050 4699 1127 4763 seq,
1148 4686 1182 4747 et
1203 4682 1300 4747 sensit
1323 4679 1393 4749 noe
1415 4678 1505 4761 opud
1527 4674 1656 4740 nomo

286 4803 307 4844 s
332 4782 422 4847 decis
444 4779 509 4846 666
531 4802 563 4848 n.
589 4784 646 4865 11,
672 4792 708 4853 ut
729 4788 864 4854 advertit
886 4789 969 4855 idem
993 4788 1130 4856 emaus
1151 4790 1263 4855 ι’ὸᾶὼηι
1285 4807 1317 4856 n.
1339 4786 1370 4854 6.

378 4911 396 4952 s
420 4891 612 4958 Procurator
628 4897 842 4976 praesumitur
855 4898 1041 4980 produxisse
1055 4900 1421 4983 articulosetpositiones
1432 4916 1512 4964 cum
1526 4892 1659 4962 scientia
