3734 5750
506 345 562 416 DE
585 347 971 418 Puocuuurouluus.
992 352 1082 418 CAP.
1105 354 1218 421 xum.
1479 356 1547 425 tlt

266 502 296 584 1.
318 517 421 598 Quam
437 522 475 583 nt
490 522 671 583 remaneant
692 517 828 602 obligata
851 518 934 583 illius
957 521 1047 601 bunu3
1062 539 1123 586 uun
1145 523 1229 588 enim
1244 529 1347 607 potest
1361 533 1549 609 procurator

180 629 369 694 constituere
400 627 515 710 pignus
537 645 631 709 super
655 644 689 691 re
712 626 898 706 mandantis,
919 628 977 691 nisi
1001 628 1040 691 ad
1063 627 1123 692 hoc
1146 629 1259 695 habeat
1280 631 1462 698 mandatum
1477 652 1547 716 spe-

183 738 272 815 ciale,
300 736 334 800 t.
358 736 496 802 solutum
520 733 543 821 S
566 736 619 818 lin.
639 734 670 817 ff
687 736 724 798 dc
745 736 969 816 pipponem,
992 735 1206 817 Nepusuutius
1230 736 1265 799 de
1284 740 1411 819 pipnor.
1433 756 1505 820 pur.
1528 736 1549 802 3

181 844 305 909 mensor.
329 841 345 904 1
371 863 402 908 α.
418 841 461 907 96
477 853 503 908 et
519 863 593 926 sep,
611 841 763 908 Cabellio.
787 844 829 905 ud
852 846 1009 909 constitut.
1032 844 1154 908 March.
1177 845 1227 910 tit.
1242 843 1263 908 6
1279 849 1324 911 tit.
1343 844 1381 909 11
1399 849 1435 911 in
1452 847 1550 913 Glosn

184 968 278 1030 super
300 950 381 1014 nard.
401 958 653 1032 procuraturum
676 966 708 1014 n.
728 945 752 1011 d
773 968 849 1016 cers.
873 969 980 1017 nouus
1002 955 1036 1017 in
1058 955 1110 1036 plu.

270 1059 299 1123 5.
322 1060 411 1124 Esset
434 1063 538 1125 tamen
560 1058 714 1124 sufficiens
747 1060 888 1140 generale
921 1078 994 1126 cum
1021 1062 1137 1153 libem,
1159 1063 1207 1126 vel
1228 1063 1321 1129 aliter
1342 1064 1551 1148 aequipollens

182 1168 323 1250 speciali,
346 1168 457 1250 Nepos.
480 1168 536 1233 sud
560 1167 588 1231 d.
612 1187 644 1232 aa.
665 1163 726 1248 36,
749 1168 818 1234 Rot.
841 1188 923 1234 cons.
947 1167 990 1232 26
1011 1190 1043 1234 α.
1069 1169 1110 1232 12
1131 1173 1181 1236 tid.
1204 1172 1234 1237 2.

271 1298 288 1335 a
314 1275 482 1360 supposito
497 1274 662 1341 sufficienti
678 1276 836 1355 mandato,
853 1277 1067 1344 mandatarius
1082 1280 1200 1364 obligat
1217 1283 1551 1364 mandantcm,quam·

185 1402 202 1441 a
228 1383 274 1447 vis
296 1385 360 1466 ipse
380 1389 460 1449 esset
482 1382 680 1463 decoctums,
702 1384 867 1450 ueletiam
890 1384 1047 1467 decoetus
1070 1391 1145 1470 quia
1169 1391 1317 1455 mandans
1337 1393 1394 1457 sibi
1419 1394 1476 1476 ipsi
1493 1395 1552 1456 im-

183 1511 201 1550 «
225 1495 337 1573 putare
360 1492 451 1556 debet
473 1508 532 1556 cur
555 1491 658 1556 minus
681 1492 790 1556 idoneo
812 1492 994 1558 mandatum
1018 1496 1158 1574 dederit,
1173 1498 1297 1578 quoties
1317 1516 1358 1563 ex
1381 1503 1471 1581 parte
1485 1517 1553 1564 em-

183 1621 200 1658 a
227 1601 327 1682 pteris
349 1600 395 1664 vel
417 1601 547 1665 alterius
569 1599 782 1665 contrahentis
804 1618 865 1665 nou
887 1602 968 1667 adsit
982 1603 1073 1669 dolus
1089 1604 1134 1667 vel
1150 1606 1298 1683 collusio,
1316 1604 1411 1672 θανά.
1425 1607 1461 1670 da
1477 1606 1554 1670 Luc.

183 1732 202 1770 a
228 1708 264 1772 de
280 1710 385 1774 credit.
406 1717 434 1773 et
453 1709 544 1773 ‘dedit
557 1708 633 1773 disc.
657 1705 697 1770 51
722 1728 753 1772 a.
777 1707 806 1774 6.
828 1709 907 1774 Nom
928 1727 1017 1776 secus
1037 1716 1087 1776 est
1106 1713 1232 1792 quando
1255 1731 1296 1778 ex
1319 1718 1409 1795 parta
1430 1718 1554 1779 contra-

182 1840 199 1879 α
224 1818 329 1883 hantis
350 1836 424 1883 cum
447 1815 627 1900 hujusmodi
649 1817 854 1897 mandatorio,
868 1817 959 1883 dolus
981 1819 1028 1882 vel
1052 1819 1131 1884 mala
1153 1820 1229 1886 tides
1251 1827 1420 1887 concurrat
1434 1823 1465 1886 in
1480 1832 1555 1904 sup-

184 1948 201 1987 «
226 1927 451 2011 plantationem
474 1925 668 2003 mandantis,
690 1926 747 2007 qui
770 1925 954 1993 mandatum
986 1926 1073 1993 dedit
1096 1929 1127 1990 in
1150 1932 1237 1993 statu
1260 1928 1381 2007 valido,
1406 1926 1500 1994 Curat.
1523 1927 1559 1991 de

182 2055 199 2094 ν
227 2034 305 2099 Luc.
328 2032 398 2100 idid
420 2035 449 2097 d.
471 2034 546 2097 disc.
569 2029 610 2096 51
635 2052 667 2096 u.
688 2032 718 2097 7.

272 2140 302 2207 6.
323 2147 432 2224 Atque
455 2141 528 2206 lrinc
549 2143 616 2207 sine
637 2141 783 2207 mandato
806 2144 930 2225 speciali
952 2162 1014 2208 nou
1038 2149 1141 2227 potest
1161 2146 1300 2228 accipere
1330 2146 1476 2228 pecunias
1497 2144 1556 2212 sub

179 2249 417 2328 commiscum
440 2254 555 2335 agatur
578 2249 617 2315 de
638 2249 803 2333 obligando
826 2251 991 2317 domiuum
1014 2254 1053 2317 ad
1076 2255 1263 2318 solutionem
1288 2256 1446 2321 intercise

275 2380 293 2419 s
318 2357 401 2424 Cum
423 2359 560 2424 institori
582 2377 639 2424 sen
661 2358 807 2423 ministro
829 2360 1015 2441 adcertum
1045 2360 1213 2443 negocium
1234 2362 1396 2444 deputato,
1417 2381 1475 2445 pro
1506 2361 1557 2426 illo

183 2489 202 2527 s<
228 2466 413 2548 explicando
436 2466 508 2532 data
531 2466 662 2532 luissent
684 2467 837 2547 quamam
860 2468 1087 2555 assignamentu
1110 2485 1184 2532 cum
1206 2468 1370 2547 facultate,
1402 2474 1558 2550 quatenus

181 2598 201 2637 a
227 2576 278 2641 illa
303 2576 334 2639 in
358 2560 426 2641 toto
449 2574 495 2641 vel
520 2576 551 2640 in
573 2580 663 2658 purte
693 2575 876 2653 delicerent,
898 2576 1068 2658 accipiendi
1092 2576 1256 2659 pecuniam
1278 2576 1317 2639 ad
1339 2574 1497 2639 cambium
1526 2579 1560 2638 et

181 2685 442 2766 «recambiump
463 2702 601 2765 eumque
631 2701 688 2767 per
718 2683 875 2749 dictorum
906 2684 1210 2768 assigmmentorum
1242 2682 1398 2747 deiectum
1426 2680 1560 2745 admini-

182 2818 200 2856 α
228 2798 350 2860 stmtur
374 2794 416 2859 ita
439 2793 572 2878 egisset,
596 2793 666 2858 llot.
687 2791 820 2870 decidit,
842 2793 1003 2877 signanter
1026 2793 1116 2857 decis.
1138 2787 1205 2855 211
1224 2809 1297 2873 pur.
1319 2789 1341 2855 u
1364 2791 1507 2867 licceat,
1532 2797 1560 2853 et

184 2924 203 2962 α
230 2902 321 2966 decis.
343 2897 408 2965 316
430 2918 502 2983 por.
527 2900 568 2965 10
593 2901 734 2978 ueneno,
756 2901 875 2966 cambia
899 2920 960 2966 non
983 2901 1100 2982 deberi,
1121 2919 1162 2966 ex
1184 2919 1221 2966 eo
1244 2900 1328 2984 quod
1351 2902 1441 2983 prius
1464 2917 1560 2980 quam

182 3029 201 3067 a
228 3008 271 3073 ad
293 3008 473 3091 hujusmodi
494 3008 651 3074 tacultutis
672 3009 861 3074 exercitium
885 3009 1105 3089 deveniretur,
1120 3010 1303 3092 praeoedere
1327 3010 1458 3076 debebat
1472 3026 1560 3073 man-

184 3139 203 3177 «
229 3117 335 3183 dantis
358 3118 585 3201 interpellatio,
607 3135 670 3198 qua
693 3117 859 3196 mediante,
881 3119 941 3183 ista
961 3119 1056 3184 sciret
1079 3119 1214 3184 avenime
1235 3136 1344 3183 casum
1372 3116 1562 3201 indigentiae

181 3251 200 3291 a
228 3228 456 3311 pecuniarum,
479 3245 515 3292 ac
536 3227 695 3310 subjacere
726 3227 839 3292 debere
870 3227 978 3291 cursui
1010 3243 1182 3291 usurarum
1204 3244 1260 3291 seu
1283 3226 1477 3290 cambiorum
1509 3224 1562 3289 cui

182 3358 202 3397 ι
231 3352 401 3400 occurrere
422 3336 576 3418 potuisset
598 3323 788 3419 providendo
810 3335 935 3399 aliunde
957 3336 996 3399 de
1017 3336 1166 3418 pecunia,
1187 3353 1262 3399 cum
1284 3335 1410 3400 interim
1434 3335 1563 3401 credere

182 3468 201 3507 a
229 3444 375 3528 potuerit
396 3462 438 3509 ex
460 3445 696 3528 assignamentis
717 3443 806 3509 luctis
828 3459 991 3507 remanere
1022 3443 1199 3525 provisum,
1222 3448 1260 3508 ut
1280 3441 1377 3507 refert
1410 3440 1505 3508 Curat
1527 3442 1564 3506 de

181 3578 202 3617 α
232 3554 314 3619 Luc.
335 3553 373 3617 dc
395 3554 524 3619 comdiis
546 3553 620 3618 disc.
645 3549 688 3616 lt
709 3571 739 3617 α.
763 3550 795 3628 2,
819 3552 875 3633 qui
896 3552 942 3617 ait
965 3551 1022 3616 mo
1043 3553 1072 3615 d.
1095 3571 1126 3615 α.
1149 3550 1179 3627 2,
1204 3551 1287 3634 quod
1307 3550 1488 3631 praedictae
1509 3550 1562 3613 de-

181 3688 201 3728 «
231 3666 365 3729 αἰνίοανα
387 3664 533 3744 clipeum
557 3663 801 3728 ναανὸίιααιίανα
825 3664 988 3726 continere
1009 3661 1165 3725 uidentur.

282 3793 299 3831 α
325 3767 488 3850 Quidquid
511 3775 618 3834 autem
640 3770 682 3834 sit
704 3769 742 3834 de
759 3769 926 3853 praedictis
941 3769 1159 3848 decisionibus,
1175 3768 1251 3832 illud
1266 3773 1390 3832 certum
1405 3771 1464 3845 est,
1478 3765 1564 3845 quod

183 3903 203 3942 c
231 3879 337 3944 omnis
368 3878 534 3945 difficultas
563 3896 683 3944 nesure
712 3878 855 3954 videtur,
877 3880 1002 3960 quoties
1023 3879 1127 3945 socius
1149 3875 1196 3942 rel
1218 3874 1454 3941 administrator
1486 3870 1564 3936 utile

183 4011 203 4049 a
232 3986 405 4071 negocium
421 3988 525 4070 gessit,
541 3988 615 4067 quia
629 3987 763 4052 consocii
786 3988 937 4052 intererat
959 3990 1067 4071 potius
1088 3987 1250 4071 pecuniam
1274 3984 1313 4048 ad
1335 3982 1493 4048 cambium
1508 3980 1565 4045 ha-

182 4116 201 4153 «
230 4093 334 4157 bitem
357 4110 421 4160 esse
445 4111 540 4175 quam
556 4096 581 4159 si
597 4095 728 4160 alienata
751 4095 880 4161 inissent
902 4096 1060 4178 praedicta
1083 4095 1310 4177 assignamenta
1333 4110 1406 4157 cum
1421 4091 1479 4155 ista
1496 4091 1565 4155 tru-

182 4225 202 4263 α
232 4207 359 4268 ctarent
379 4203 420 4268 ad
444 4205 593 4288 majorem
617 4204 790 4282 rationem,
815 4208 852 4268 ut
872 4204 1010 4270 advertit
1031 4203 1114 4268 idem
1139 4202 1234 4269 σανα.
1257 4202 1293 4265 da
1318 4202 1395 4266 Luc.
1417 4201 1454 4264 de
1476 4217 1564 4263 ccm-

184 4335 203 4374 a
233 4313 295 4378 diis
317 4313 346 4377 d.
370 4312 443 4378 disc.
468 4309 511 4375 11
533 4314 589 4378 sut
611 4315 640 4379 d.
663 4333 695 4378 n.
718 4310 747 4375 2.

283 4423 362 4487 «ln
384 4422 516 4487 materia
545 4423 659 4487 cambii
690 4439 803 4505 magna
834 4419 1009 4484 differentia
1030 4424 1081 4484 est
1102 4419 1185 4484 inter
1212 4417 1289 4481 illud
1311 4414 1494 4481 mandatum
1527 4410 1566 4476 ad

185 4554 205 4594 u
234 4529 457 4596 cambiandum
479 4531 564 4612 quod
587 4531 683 4597 datur
705 4528 854 4595 creditori
869 4528 925 4608 qui
942 4526 1019 4592 duas
1042 4531 1132 4610 gerat
1154 4542 1316 4609 personas,
1332 4541 1426 4588 unam
1449 4521 1568 4588 scilicet

184 4665 206 4703 ι
233 4641 419 4719 credituris,
441 4640 574 4706 alteram
604 4639 809 4719 mandatarii,
830 4644 863 4705 ct
885 4636 960 4702 illud
993 4635 1177 4701 mandatum
1200 4633 1285 4716 quod
1307 4633 1402 4698 datur
1432 4627 1566 4713 simplici

184 4773 206 4814 «
235 4750 486 4816 administratori
516 4750 632 4815 nullum
655 4749 825 4814 utilitatem
847 4766 889 4812 cx
911 4746 1107 4811 cambiorum
1130 4762 1227 4810 eursu
1249 4742 1433 4825 reportanti,
1453 4744 1487 4805 et
1508 4736 1564 4820 qui
1677 4739 1679 4743 “
1768 4719 1771 4724 ’

182 4880 206 4920 ι
232 4855 313 4923 alias
334 4857 373 4923 ab
395 4857 547 4928 exercitio
563 4857 700 4924 mandati
723 4857 755 4920 in
778 4855 910 4939 gratiam
934 4854 1110 4921 mandantis
1132 4853 1259 4936 recepti,
1280 4851 1499 4918 damnificatus
1514 4864 1567 4911 re·
