3734 5750
293 359 358 429 321
721 362 919 432 Luoovlal
942 363 1063 431 carel
1084 363 1229 434 mser.

379 531 409 599 8.
435 533 471 600 Si
500 545 608 600 tamen
641 550 739 599 causa
770 533 911 599 indecisa
940 537 1137 615 permansit,
1158 555 1246 601 scores
1276 539 1304 601 si
1325 535 1390 619 [uit
1418 538 1510 618 finita
1531 552 1595 619 per

490 643 676 709 sententiam
699 643 747 705 uei
765 660 826 724 per
849 643 1117 721 transactionem,
1138 644 1239 707 ciioce
1260 640 1359 707 modo.

379 751 409 817 9.
430 753 521 817 Idem
540 750 689 841 procedit
702 753 730 815 si
752 757 932 815 occurreret
954 750 1216 831 impedimentum
1231 750 1267 814 ot
1285 759 1397 815 casum
1409 752 1592 832 fortuitane

359 861 409 927 10.
432 861 501 930 Nisi
523 869 599 924 esset
620 861 766 924 restricto
789 860 952 923 conventio
975 860 1060 923 inter
1079 867 1324 939 procuratorene
1338 865 1366 921 ct
1381 855 1590 922 nundentcn

487 969 530 1032 ad
551 975 675 1048 ternpus
696 984 758 1049 quo
781 966 946 1032 seruitium
966 974 1194 1046 praestaretur.

358 1075 408 1141 11.
433 1076 647 1143 Procuratori
667 1075 786 1155 dupieu
807 1073 936 1140 detetur
958 1075 1117 1139 mariun
1139 1075 1167 1140 si
1189 1074 1226 1139 oi
1252 1075 1321 1156 ejus
1344 1075 1495 1156 peritiora
1513 1092 1587 1155 pru·

487 1186 657 1250 uectores
671 1192 700 1248 et
723 1182 869 1247 adwcoti
888 1183 987 1265 officio
1004 1185 1173 1265 [nopotur.
1206 1237 1211 1246 .

358 1293 407 1360 12
433 1294 645 1376 Consequitur
667 1291 826 1357 salarium
849 1290 998 1356 etiamsi
1018 1292 1119 1379 suerit
1140 1297 1311 1354 reuocatus.

357 1404 407 1470 13.
429 1402 498 1470 Nisi
517 1404 619 1485 suerit
641 1409 804 1466 reuocatus
826 1399 862 1464 oi
884 1401 1014 1481 cuipam
1037 1407 1064 1462 et
1085 1401 1212 1481 sactum
1231 1397 1414 1479 propriant.

357 1508 406 1576 st.
427 1510 528 1594 Atque
551 1511 647 1574 etiam
670 1510 699 1574 si
717 1510 817 1592 suerit
839 1508 950 1573 aasens
972 1524 994 1570 a
1014 1509 1082 1572 toco
1099 1505 1217 1587 iudicii
1236 1524 1310 1571 cum
1324 1507 1452 1571 iunctio
1469 1503 1591 1568 domin

322 1661 327 1670 -
485 1616 693 1682 mandantis.

355 1723 405 1790 15.
431 1717 467 1791 ‘st
487 1733 596 1789 tamen
617 1731 736 1806 apator
758 1725 796 1789 de
818 1725 882 1788 soio
902 1723 1100 1805 praejudicio
1121 1724 1306 1792 mandastis
1323 1726 1380 1807 oui
1393 1722 1475 1788 dedit
1490 1724 1589 1787 ticen-

486 1834 583 1907 tiam,
607 1851 696 1898 secus
716 1833 744 1898 si
767 1831 804 1894 de
826 1832 961 1897 atterius
979 1832 1189 1913 praejudicio.

356 1940 406 2005 16.
430 1943 644 2006 Procuratori
665 1958 789 2023 quoque
810 1940 979 2005 suistiuw
1000 1940 1127 2006 aanor
1147 1942 1316 2006 salanum.

297 2073 301 2084 ·
356 2049 405 2115 17.
429 2051 473 2115 Ei
491 2050 619 2131 pariter
639 2050 696 2131 qui
717 2050 789 2114 sotct
811 2049 917 2113 tooure
939 2066 1054 2129 operas
1075 2065 1169 2128 suas,
1184 2058 1213 2113 ct
1227 2049 1376 2114 dominu
1396 2048 1588 2112 constituens

481 2159 652 2224 winidos
671 2158 798 2237 praetio
820 2155 1004 2221 conducere.

354 2263 404 2330 18.
428 2267 632 2331 Procurator
654 2263 819 2348 defmdms
849 2267 885 2330 in
911 2263 1038 2346 iudicio
1064 2265 1175 2348 [itinn
1204 2266 1303 2330 arnici
1327 2265 1379 2330 sui
1401 2281 1467 2329 non
1486 2269 1586 2342 potest

323 2393 326 2402 ·
481 2373 585 2457 petere
605 2375 763 2440 sutanum
786 2392 842 2438 ncc
863 2375 1159 2457 impensam..quio
1179 2375 1404 2456 presumitur
1425 2371 1587 2435 murittae

485 2497 584 2547 causo
608 2481 747 2547 uouere.
1011 2495 1014 2500 ’

353 2590 403 2655 19.
426 2588 524 2656 Secus
544 2591 572 2654 si
591 2591 668 2654 tatis
686 2598 882 2671 procurator
904 2591 945 2655 sit
966 2590 1076 2655 solitus
1098 2607 1161 2655 esre
1181 2591 1217 2653 in
1239 2590 1351 2654 curiis.

351 2696 403 2761 20.
426 2696 495 2764 Nisi
513 2699 595 2780 [orte
617 2715 690 2761 curn
712 2698 858 2762 amicitia
879 2706 1083 2762 concurreret
1104 2700 1200 2762 etiam
1218 2698 1277 2779 pio
1300 2713 1410 2761 causo.

351 2803 403 2869 21.
428 2804 581 2873 Similiter
603 2805 763 2868 solarium
784 2813 887 2888 petere
908 2807 1017 2889 nequit
1036 2814 1230 2888 procurator
1249 2820 1451 2886 pauperum,
1474 2810 1504 2866 et
1525 2803 1585 2864 rni-

485 2914 668 2979 serotiis'um
686 2931 911 2994 personarum.

353 3020 404 3084 22
426 3022 516 3085 Idem
535 3020 677 3103 procedit
699 3023 735 3086 in
757 3021 925 3087 aduocatis.

351 3128 403 3194 23.
425 3130 569 3195 Marcione
590 3131 626 3195 in
648 3131 711 3194 sere
732 3130 808 3194 tocts
829 3132 864 3195 in
887 3132 1000 3213 quiden
1020 3129 1280 3210 procuratoribus
1293 3131 1351 3211 qui
1373 3129 1489 3193 tatium
1506 3143 1578 3207 per-

483 3252 637 3300 sonarum
660 3254 774 3301 causas
797 3246 930 3303 tuentur
953 3239 1109 3303 salarium
1124 3239 1160 3301 de
1172 3236 1298 3318 publico
1314 3245 1356 3301 est
1371 3236 1579 3301 constituturos.

350 3340 402 3409 tt.
425 3345 465 3409 Id
489 3343 643 3410 Perusiae
664 3363 785 3427 quoque
808 3348 930 3410 seruari
952 3348 1034 3411 sotet.

350 3452 401 3517 25.
426 3451 591 3518 Solarium
610 3453 737 3533 pariter
755 3455 963 3533 procuratori
983 3471 1049 3519 non
1071 3453 1196 3519 debetur
1218 3455 1246 3516 si
1265 3451 1465 3515 intervenerit
1481 3451 1517 3513 in
1526 3447 1583 3528 ju-

480 3560 561 3624 dicio
584 3558 704 3641 apendo
726 3559 774 3623 uei
796 3559 987 3642 defendendo
1009 3578 1141 3625 oausam
1163 3561 1337 3643 propriam.

351 3663 402 3732 26.
426 3665 495 3733 Nisi
517 3683 615 3732 causa
633 3668 732 3750 [uerit
755 3671 932 3733 communis
954 3669 1037 3733 inter
1059 3671 1172 3749 ipsum.
1188 3677 1216 3733 et
1239 3670 1319 3735 aiios
1340 3669 1404 3735 litis
1419 3677 1585 3745 consortes,

480 3777 536 3857 qui
557 3775 682 3857 quidm
705 3782 853 3838 tenentur
872 3793 934 3857 pro
956 3784 1040 3840 rota.

349 3882 400 3954 27.
424 3884 622 3951 Procurator
636 3884 781 3965 queneto
795 3884 915 3964 opendo
929 3884 979 3951 oet.
991 3883 1180 3965 wendendo
1194 3900 1327 3949 causan
1339 3884 1507 3965 propriane
1516 3900 1581 3946 non

476 3992 575 4071 possit
597 3988 721 4071 aliquid
738 3998 843 4071 petere
865 3990 921 4054 sub
944 3992 1071 4055 nomine
1093 3992 1228 4072 solarii,
1244 4000 1345 4072 potest
1359 4000 1465 4056 tamen
1478 4000 1582 4072 petere

480 4099 603 4162 retines
625 4100 777 4165 interesse.

348 4204 400 4270 28.
422 4208 526 4271 Immo
544 4214 644 4288 potest
665 4207 761 4271 etiarn
782 4207 941 4271 salarium
962 4215 1064 4288 petere
1084 4210 1113 4271 si
1134 4210 1170 4271 in
1193 4223 1291 4271 causo
1320 4207 1455 4289 propria
1480 4204 1581 4287 suerit

476 4333 557 4381 usses
578 4332 675 4397 opera
698 4316 831 4381 atterius
848 4317 1078 4396 procuratoris.

348 4420 400 4486 29.
424 4421 591 4490 Salarium
612 4439 684 4487 vero
707 4431 735 4487 et
756 4425 916 4506 imperuao
946 4422 1006 4488 tali
1036 4441 1113 4488 casu
1143 4424 1232 4505 retici
1264 4421 1370 4493 uuor
1398 4439 1463 4486 non
1479 4421 1580 4501 Juuta

480 4531 617 4610 riporem
638 4529 692 4594 scd
714 4531 890 4596 secundum
910 4532 1111 4612 aequitatem.

347 4632 399 4700 30.
423 4636 634 4703 Procuratori
654 4657 719 4703 non
743 4639 869 4704 deictus·
889 4639 1050 4707 salariunt
1071 4639 1135 4711 nisi
1150 4640 1251 4720 [inita
1272 4655 1381 4702 causa.

347 4741 464 4807 31.1c
483 4746 593 4822 prima
614 4749 770 4813 instantia
792 4750 820 4812 ci
843 4767 909 4813 non
930 4747 1057 4814 dedetru
1079 4746 1185 4827 maius
1215 4746 1373 4812 solarium
1393 4762 1455 4825 pro
1480 4761 1578 4809 messa
1623 4780 1639 4797 κ

479 4866 1024 4936 maonaouantproporoa-
