3734 5750
519 371 580 443 DE
603 371 989 448 PROCURAfflRiBUS.
1013 378 1102 449 CAP.
1126 381 1222 451 XCV.
1255 419 1258 423 ·
1487 379 1554 451 181

181 564 211 613 n.
236 545 277 611 12
300 545 349 612 tn.
373 543 411 624 1,
437 545 507 612 nor.
530 564 642 611 eornm
666 544 821 612 Ceeeiter.
843 549 932 614 decis.
956 547 1021 613 227
1045 570 1077 615 o,
1093 550 1131 630 o,
1156 564 1185 617 et
1205 556 1242 618 in
1266 546 1390 620 mocon
1405 556 1495 621 decis
1509 554 1553 623 96

179 677 209 721 n.
232 656 253 722 3
275 669 303 722 et
327 656 418 722 decis.
446 654 508 719 261
534 677 567 722 n.
588 654 610 719 8
630 674 701 737 per.
726 653 754 721 1.

267 789 284 828 e
310 770 503 833 Procurator
526 783 589 830 nen
613 772 716 848 petest
737 767 900 832 dominum
922 786 964 834 ex
988 769 1070 836 iactu
1093 789 1151 836 suo
1173 772 1274 837 fecere
1295 775 1327 837 in
1350 790 1483 856 poenam
1506 775 1554 839 in·

179 898 196 938 r
219 878 324 943 cidere
346 876 465 959 absque
487 875 611 959 speciali
634 875 795 954 mandato,
817 873 951 941 Aetolia.
976 880 1100 943 resudet.
1124 877 1164 943 91
1190 898 1221 943 n.
1242 875 1295 944 dn.

267 1006 286 1047 e
308 988 411 1053 Poena
435 985 570 1068 petentis
593 982 662 1065 plus
682 983 789 1049 debito
811 985 850 1048 ab
872 984 978 1067 aliquo
1002 990 1123 1051 statuto
1146 987 1289 1052 ordinata
1312 1005 1375 1051 non
1397 987 1492 1052 babet
1506 986 1553 1051 io-

178 1120 194 1158 a
218 1115 294 1161 cum
317 1096 443 1178 quando
466 1092 647 1176 hujusmodi
670 1093 782 1174 petitio
805 1092 867 1158 init
890 1091 969 1157 iacta
993 1111 1051 1176 per
1072 1099 1325 1176 procuratorem,
1347 1094 1404 1174 qui
1427 1112 1488 1158 non
1504 1093 1553 1157 di-

176 1224 195 1264 o
219 1204 309 1267 citur
322 1203 437 1269 babere
452 1200 635 1265 mandatum
649 1199 689 1263 od
704 1198 880 1264 iaciendum
898 1200 1035 1265 incidere
1058 1201 1223 1267 deminum
1245 1203 1276 1267 iu
1299 1220 1450 1286 poenam,
1467 1200 1553 1268 Ceo-

177 1330 194 1370 α
220 1311 288 1373 ciet.
309 1313 353 1375 ed
378 1309 494 1375 Stntut.
518 1307 680 1389 nemeto.
704 1308 753 1372 tib.
777 1302 799 1369 2
820 1309 909 1373 rubr.
934 1307 976 1372 17
999 1330 1030 1374 n.
1051 1311 1083 1375 7.

231 1464 235 1471 .
266 1440 283 1480 e
308 1419 471 1502 Contingit
493 1425 531 1484 ut
553 1417 752 1499 probationes
773 1435 939 1499 expressae
955 1419 1002 1483 rei
1017 1420 1289 1486 adminiculativae
1303 1434 1490 1486 recursuum
1513 1419 1553 1484 ad
1680 1451 1684 1457 ·

176 1550 194 1588 u
218 1529 423 1612 magistratus
444 1528 599 1593 seculares
620 1525 797 1590 habeantur
817 1531 926 1591 contra
950 1534 1173 1617 procuratores
1188 1528 1227 1592 de
1242 1545 1381 1608 qnorum
1404 1526 1552 1591 mandato

175 1659 193 1698 α
214 1636 342 1718 speciali
362 1654 425 1700 non
448 1640 580 1714 constet,
602 1639 640 1699 ut
662 1628 694 1696 in
716 1638 834 1715 puncto
854 1635 943 1715 iuris,
963 1636 1149 1717 praesertim
1173 1634 1211 1698 ad
1234 1634 1384 1699 effectum
1406 1634 1550 1697 incursus

174 1764 202 1802 o¹
218 1760 424 1808 censurarum
457 1741 654 1822 requiritur,
676 1756 786 1806 verum
819 1742 939 1824 pariter
961 1743 1001 1807 eb
1022 1743 1080 1808 hac
1113 1743 1223 1826 regula
1256 1742 1416 1811 receditur
1439 1742 1472 1805 in
1494 1740 1554 1807 iliis

172 1872 191 1912 α
216 1852 340 1919 casibus
361 1853 393 1915 in
414 1851 529 1931 quibus
552 1849 595 1914 nil
619 1850 745 1915 intersit
775 1852 969 1916 recurrentis
989 1851 1075 1932 qnod
1097 1852 1155 1917 sibi
1179 1850 1337 1916 audientia
1360 1849 1552 1932 denegetur,

171 1979 191 2019 a
217 1976 257 2022 eo
278 1960 352 2039 quia
374 1964 490 2041 agatur
505 1958 544 2022 nd
567 1959 715 2024 effectum
739 1952 929 2042 impediendi
951 1956 1171 2027 executionem
1193 1959 1336 2042 judicati,
1352 1959 1432 2024 dum
1447 1959 1491 2023 ita
1506 1958 1553 2022 ia·
1598 1949 1605 1956 “

171 2090 202 2131 or
216 2069 286 2133 eiiis
306 2070 387 2133 esset
409 2067 537 2132 collusio
560 2068 745 2134 occultando
767 2068 962 2146 mandatnm,
976 2073 1010 2133 et
1031 2068 1200 2134 obtinendo
1222 2066 1381 2133 intentum
1405 2065 1453 2132 rel
1476 2066 1550 2131 ede-

171 2198 191 2237 n
217 2181 306 2241 ctum
330 2192 517 2240 recursuum
541 2175 607 2240 sine
629 2177 813 2258 punitione3
838 2177 970 2258 ideoque
993 2172 1155 2242 consuevit
1175 2177 1342 2260 practicari
1365 2176 1448 2241 idem
1465 2175 1551 2257 quod

171 2307 190 2345 u
217 2289 362 2350 servatur
380 2285 467 2348 eirca
490 2284 692 2367 probationes
710 2288 930 2367 praesumptas
948 2284 998 2349 rei
1021 2284 1306 2363 adminiculandam,
1321 2288 1359 2348 ut
1373 2284 1490 2349 seilicet
1505 2282 1549 2347 iiii

168 2416 189 2455 α
214 2395 275 2459 sub
296 2394 386 2476 eujus
407 2394 534 2457 nomine
549 2392 629 2457 alter
644 2408 809 2459 recursum
825 2392 991 2467 babuerit,
1009 2410 1072 2455 non
1094 2392 1229 2456 sufficiat
1251 2391 1356 2456 dicere
1378 2391 1462 2472 qued
1477 2389 1548 2454 nui·

168 2523 189 2561 o
215 2500 284 2564 ium
307 2500 443 2582 desuper
457 2500 642 2565 mandatum
657 2500 798 2579 dederim
813 2500 890 2564 duan
914 2501 981 2583 ipse
1003 2505 1132 2567 tenetur
1153 2499 1193 2564 de
1216 2499 1298 2565 iacto
1314 2516 1475 2564 removere
1490 2498 1551 2562 im·

166 2630 188 2669 α
215 2606 433 2689 pedimentum
459 2624 494 2671 ac
516 2624 646 2690 parere,
671 2602 767 2688 atque
789 2606 863 2674 ilias
885 2608 917 2673 id
940 2608 1001 2674 non
1023 2609 1144 2692 agendo
1166 2609 1363 2674 convincitur
1384 2609 1425 2674 de
1446 2608 1548 2691 eulpa,

169 2738 188 2776 α
217 2714 353 2795 ideoque
373 2715 473 2779 intrat
494 2721 696 2798 praesumpta
727 2718 870 2800 probetio
885 2712 888 2717 ’
902 2717 1135 2782 ratihabitionis
1157 2718 1203 2782 vel
1226 2717 1440 2799 praecedentis
1460 2734 1549 2782 man-

168 2844 187 2882 «
215 2822 300 2900 dati,
316 2839 390 2887 curu
407 2822 438 2885 iu
455 2821 493 2886 iis
508 2823 649 2888 materiis
671 2842 732 2889 non
755 2828 910 2890 curentur
925 2826 1038 2901 verba,
1054 2825 1107 2892 sed
1124 2825 1329 2892 attendantur
1343 2825 1435 2907 iacta,
1453 2824 1550 2893 nare

169 2955 188 2994 o
214 2934 253 2996 de
276 2932 352 2996 Luc.
375 2932 411 2995 de
428 2925 560 3011 judiciis
582 2930 656 2996 disc.
683 2931 723 2996 19
746 2951 778 2997 a.
803 2930 852 2998 13.

261 3037 290 3103 9.
312 3036 402 3120 Quae
424 3037 580 3104 conclusio
602 3041 745 3122 procedit
767 3059 828 3106 non
850 3042 952 3107 seium
974 3042 1100 3125 quande
1115 3042 1307 3108 mandentur
1320 3059 1356 3107 ea
1372 3057 1454 3122 quae
1473 3043 1549 3103 sunt

165 3148 208 3213 de
230 3150 303 3231 jure
326 3147 483 3231 prohibita
504 3145 540 3213 et
562 3148 730 3231 punibile,
753 3167 864 3215 verum
896 3152 991 3216 etiam
1016 3150 1121 3232 quoad
1152 3167 1187 3216 en
1220 3167 1302 3231 quoe
1326 3167 1388 3214 nun
1411 3152 1487 3213 sunt
1507 3145 1547 3211 de

164 3258 357 3322 suinatura
379 3258 537 3340 prohibita
560 3274 618 3322 nec
641 3275 771 3340 poenam
795 3265 975 3338 merentur,
990 3261 1044 3326 sed
1066 3260 1105 3325 de
1127 3276 1160 3324 ee
1182 3264 1258 3325 suut
1278 3258 1373 3334 linita
1387 3254 1447 3321 nisi
1468 3271 1548 3334 ntra-

164 3369 264 3429 tenus
285 3381 327 3428 ex
348 3361 604 3430 contrabentium
627 3382 778 3431 consensu
800 3373 834 3432 et
856 3369 1061 3432 conventione
1082 3368 1160 3432 flant
1181 3366 1307 3444 illicita,
1321 3371 1354 3431 et
1376 3381 1475 3446 poena
1493 3380 1547 3427 eo·

161 3472 376 3552 bereeantur,
399 3491 471 3538 nam
494 3476 525 3539 in
548 3475 587 3540 iis
602 3471 728 3556 quoque
742 3476 928 3560 peragendis
942 3478 1121 3558 requiritur
1135 3476 1319 3541 mandatum
1335 3471 1484 3556 speciale,
1507 3468 1544 3533 L

161 3579 335 3661 stipulatio
357 3582 419 3645 iste
442 3579 466 3666 ὃ
488 3585 581 3647 atteri
599 3582 630 3664 ff
645 3583 682 3647 de
704 3584 783 3649 cert.
805 3585 911 3666 obtin,
937 3602 1112 3667 perquem
1135 3585 1212 3650 Ter.
1246 3583 1380 3648 dinatio.
1403 3581 1439 3646 de
1462 3581 1545 3654 tecit.

163 3701 197 3756 et
219 3691 335 3772 enemy.
358 3700 497 3755 curvent.
511 3689 569 3756 ‘uu
590 3690 612 3754 7
635 3696 680 3757 tit.
705 3689 748 3755 16
768 3711 800 3757 n.
823 3691 853 3758 9.

259 3796 290 3862 b.
313 3799 495 3881 Ampliatur
516 3799 662 3879 secundo,
686 3808 724 3867 ut
747 3800 807 3865 tale
838 3802 1021 3868 mandatum
1044 3803 1085 3869 sit
1108 3800 1315 3867 necessarium
1348 3815 1409 3862 non
1441 3795 1543 3861 solum

162 3904 297 3986 quando
318 3910 444 3971 certum
459 3911 508 3972 est
522 3906 607 3987 quod
629 3925 670 3972 er
693 3913 766 3973 ectu
789 3916 1109 3993 perprocuratorem
1130 3909 1314 3993 explicando
1336 3907 1424 3987 sequi
1440 3909 1544 3989 potest

161 4015 317 4079 incursus
339 4032 466 4096 poenae,
487 4016 540 4082 sed
563 4017 659 4081 etiam
674 4016 799 4097 quando
815 4016 874 4094 boe
889 4023 938 4084 est
953 4018 1122 4100 probabile,
1147 4016 1251 4083 Socim
1277 4015 1348 4082 Sco.
1370 4032 1455 4078 cone.
1479 4010 1542 4076 129

161 4127 223 4189 cot.
240 4120 345 4188 bon
362 4125 412 4188 tib.
430 4123 445 4187 1
460 4174 468 4202 ‚
483 4141 599 4207 quem,
614 4130 649 4190 et
662 4125 738 4190 alios
760 4124 859 4191 refert
882 4127 951 4192 liet.
973 4145 1058 4191 oeus.
1080 4120 1127 4189 tn
1141 4144 1174 4190 n.
1191 4122 1231 4187 11
1247 4124 1296 4190 tit.
1312 4121 1341 4201 1,
1357 4132 1384 4187 et
1401 4139 1484 4186 cens.
1500 4116 1543 4183 26

159 4233 224 4296 sub
248 4251 281 4296 n.
304 4229 347 4296 23
369 4233 418 4297 lib.
441 4231 472 4311 2,
496 4234 625 4316 Magon.
647 4233 737 4298 decis.
759 4233 893 4299 L'ucees.
918 4233 958 4298 51
984 4253 1015 4298 a.
1038 4231 1101 4313 26,
1125 4233 1256 4301 Cardine
1279 4231 1390 4297 Albane
1413 4226 1542 4294 consi

158 4359 193 4405 o.
222 4338 284 4416 12,
307 4340 445 4405 Lanceit.
467 4341 505 4405 de
527 4351 636 4407 attend.
654 4360 728 4423 per.
751 4341 768 4405 1
794 4360 862 4424 cap.
888 4341 905 4405 1
929 4362 960 4407 n.
986 4341 1028 4405 12
1049 4344 1093 4408 ud
1112 4344 1166 4426 fio.

256 4444 286 4511 5.
309 4447 490 4529 Ampliatur
513 4450 627 4528 tertio,
650 4455 688 4516 ut
709 4451 859 4517 mandans
879 4451 1041 4535 obligetur
1061 4452 1100 4516 ad
1122 4468 1252 4534 mnam
1281 4468 1323 4514 ex
1353 4448 1435 4518 neto
1466 4463 1541 4530 pro·

156 4557 322 4621 curatoris
345 4556 442 4621 etiam
465 4575 526 4622 non
548 4556 691 4624 habentis
710 4560 843 4643 speciale
865 4560 1050 4625 mandatum
1068 4561 1107 4626 ad
1123 4562 1245 4626 dictum
1260 4565 1366 4627 actum
1382 4558 1542 4641 explican-

154 4662 252 4739 dum,
268 4663 294 4727 si
310 4663 386 4728 iilud
409 4664 472 4730 iuit
493 4665 613 4732 iactum
636 4669 753 4733 sciente
776 4674 892 4734 einen
915 4670 1150 4735 contradicente
1173 4670 1348 4749 mandante,
1364 4668 1429 4732 des.
1445 4669 1481 4732 io
1505 4667 1541 4732 L

153 4772 186 4836 si
215 4781 415 4850 procurator
438 4791 469 4838 u.
495 4769 535 4838 17
560 4794 637 4840 uero.
660 4779 772 4859 quinto
793 4776 878 4859 ffde
900 4779 990 4844 cond.
1020 4779 1138 4862 iudan,
1168 4778 1299 4862 Strepit.
1332 4775 1370 4845 ds
1395 4778 1540 4861 prieneo.
