3734 5750
493 430 553 497 nn
576 422 958 495 PROCURATORIBUS.
980 428 1067 497 GAP.
1090 424 1210 497 XXIII.
1461 420 1529 498 419

270 598 318 664 12
339 597 403 662 llisl
425 594 564 660 9199999
598 595 763 660 Patisium
785 604 815 659 et
837 590 985 660 Porcium
1016 592 1143 677 loqui
1133 615 1165 660 rn
1196 598 1295 661 cautis
1326 600 1474 681 gravmus
1498 606 1531 664 et

176 708 302 787 arduis,
324 705 481 786 9199999
510 708 617 768 autem
641 703 672 765 in
695 719 756 766 non
786 701 909 781 arduis,
930 684 980 821 vel
1000 704 1031 766 ln
1054 702 1197 767 terminis
1226 705 1383 797 sequentis
1397 706 1541 823 primae.

176 811 382 877 limitationis

267 917 317 986 19
339 921 403 985 Ista
424 923 531 983 autem
555 918 710 983 conclusio
731 920 769 982 ut
790 934 883 1000 snpra
912 917 1076 1000 ampliata,
1098 919 1210 1000 recipit
1238 918 1398 983 nonnullas
1423 919 1532 983 restri-

173 1020 294 1096 ctionee
315 1035 349 1094 et
368 1028 584 1094 limitationes¹
596 1026 721 1105 Primo,
744 1026 777 1088 in
798 1024 898 1089 causis
918 1038 999 1105 qnae
1020 1024 1150 1089 celerem
1173 1025 1402 1109 expetitionem
1415 1012 1532 1108 ⁴requi·

173 1141 272 1217 runt,
294 1137 327 1200 in
347 1136 462 1216 quillus
482 1135 575 1199 etiam
596 1118 678 1215 inste
699 1133 883 1215 impedltns,
904 1137 1032 1197 tenetur
1046 1134 1280 1215 procuratorem
1293 1124 1446 1215 mittere,
1462 1134 1532 1199 llll

174 1243 213 1304 in
238 1258 307 1323 cop
330 1260 402 1306 com
424 1243 525 1305 dilecti
545 1260 576 1305 9.
591 1289 599 1303 .
614 1289 622 1305 .
637 1289 645 1304 .
659 1258 735 1304 vero.
750 1258 789 1303 ec
803 1259 865 1323 quo
887 1233 1011 1322 lesem,
1035 1245 1067 1304 et
1082 1241 1124 1305 ibi
1139 1240 1232 1306 Butr
1248 1261 1278 1307 9.
1293 1241 1337 1306 99
1356 1262 1432 1308 vero
1446 1244 1533 1326 sotto

172 1357 259 1412 ectr.
280 1348 316 1412 lle
337 1348 395 1412 col.
416 1355 446 1410 el
465 1338 619 1425 contum„
643 1346 758 1412 neom
789 1362 871 1412 coos.
903 1344 969 1410 999
991 1330 1106 1426 919,
1136 1348 1220 1453 Petr.
1243 1350 1328 1415 Ilua
1350 1354 1378 1416 9
1392 1352 1492 1477 9999.
1512 1348 1536 1417 4

176 1449 806 1516 9499·

272 1558 320 1625 14.
341 1561 699 1627 Limimtnrsocunuo
689 1575 722 1623 m
742 1542 782 1624 eo
802 1562 857 1641 qui
879 1561 940 1627 lull
963 1565 1089 1626 vocatus
1109 1580 1127 1626 a
1151 1563 1282 1629 Summo
1312 1568 1479 1651 Pontifloe,
1501 1574 1530 1638 9.

171 1685 243 1750 cop.
266 1658 339 1733 com
359 1670 461 1734 dilecti
481 1678 560 1733 ectr.
580 1670 619 1732 cle
639 1667 698 1770 dol.
720 1675 747 1730 ct
769 1677 924 1747 contum,
954 1669 1026 1734 Dec
1056 1666 1084 1732 9.
1114 1687 1195 1733 coos.
1219 1667 1284 1734 999
1307 1671 1527 1755 o.17,Petr.

172 1777 264 1844 netz
285 1779 314 1841 9
335 1778 423 1841 dodo.
444 1775 468 1841 4
488 1795 521 1840 9
542 1771 617 1840 499.

172 1902 176 1913 ·
268 1882 315 1947 19.
336 1884 508 1948 limitatur
526 1883 655 1947 tertio
644 1900 676 1947 rn
697 1899 735 1946 eo
756 1885 812 1963 qni
831 1883 893 1948 tuit
914 1889 1042 1950 vocatus
1063 1870 1100 1949 ad
1131 1884 1311 1951 electionem
1342 1826 1529 1970 taciendam,

171 2008 242 2072 cap
268 1993 424 2072 cupienter
445 1987 469 2075 S
491 1991 573 2071 quod
594 1992 622 2054 9·
638 2006 698 2071 per
719 1993 884 2071 9919999
906 1992 1247 2075 commentatorem
1269 1995 1305 2058 dc
1326 1996 1407 2062 elect.
1430 1999 1465 2062 to
1488 1996 1528 2074 9,

171 2096 281 2161 Ios.
267 2116 304 2160 to
327 2096 362 2159 L.
383 2114 450 2160 999
470 2095 663 2183 99919993
679 2101 706 2161 si
721 2101 792 2180 puls
802 2099 975 2179 99999999
988 2100 1084 2183 9919
1094 2120 1120 2165 9
1115 2104 1203 2183 qun
1219 2105 1374 2185 999999,
1391 2116 1528 2187 quorum

166 2203 367 2267 auctoritato
390 2202 503 2267 Petrus
527 2202 612 2267 Rutz
633 2204 661 2267 9.
682 2205 770 2268 decio
791 2200 813 2266 4
835 2224 866 2269 9.
887 2202 971 2285 499,
994 2209 1047 2272 ubi
1062 2227 1093 2272 9.
1108 2213 1249 2291 sequenti
1266 2212 1357 2278 affert
1378 2217 1528 2282 rationem

169 2330 210 2377 ne
234 2313 295 2392 qni
318 2311 469 2377 Ecclesiae
490 2313 606 2393 praesit
627 2311 681 2375 919
703 2312 915 2391 desideretur,
937 2315 1110 2380 99919999
1131 2319 1298 2399 majestatis
1312 2321 1416 2388 cultus
1429 2318 1529 2408 negli-

193 2423 282 2483 ntur.

173 2438 193 2502 B
269 2523 319 2590 19.
341 2527 513 2594 limitatur
535 2532 649 2609 quarto
671 2510 696 2594 si
719 2524 824 2596 idonei'
843 2532 1055 2615 procuratoris
1076 2535 1194 2619 copiam
1225 2534 1352 2625 habeat,
1373 2558 1436 2620 quo
1458 2558 1531 2608 casu

176 2638 305 2716 tenetur
335 2638 572 2718 procuratorem
603 2635 748 2715 mittere,
773 2638 858 2702 Port.
889 2638 1030 2703 19999.
1054 2659 1134 2703 cons.
1156 2638 1230 2704 ao.
1254 2638 1293 2733 19
1324 2662 1397 2706 cum
1425 2649 1531 2711 moltis

177 2764 275 2827 capp,
300 2743 405 2808 Paris.
426 2744 455 2807 9.
485 2761 567 2806 coos.
602 2741 666 2804 102
696 2763 727 2807 9.
757 2743 777 2806 9
808 2744 856 2808 tvo.
876 2741 917 2836 4,
939 2746 1036 2809 Burs.
1058 2748 1087 2810 9.
1109 2765 1191 2811 coos.
1214 2742 1279 2810 994
1301 2768 1332 2813 9.
1358 2747 1399 2814 15
1422 2750 1471 2815 99.
1492 2749 1531 2832 3,

177 2852 333 2935 ‚monog
354 2852 383 2916 9
403 2851 548 2916 olreroct
569 2847 612 2914 99
636 2869 667 2915 9.
689 2846 712 2913 4
732 2868 808 2916 cerr.
829 2854 894 2917 oiri
915 2854 962 2917 ool
983 2871 1048 2917 ooo
1067 2857 1175 2935 potuit.

271 2959 319 3026 17.
340 2962 509 3026 nimium
529 2960 639 3041 quinto
661 2961 693 3023 in
713 2977 751 3023 00
774 2960 830 3041 qus
858 2965 906 3025 est
935 2960 1126 3025 cocosates
1148 2948 1176 3024 a*
1191 2962 1258 3026 1000
1286 2943 1422 3045 judicii,
1435 2982 1474 3031 ne
1495 2968 1532 3031 9

181 3069 237 3134 liat
259 3067 458 3148 immortaIIs,
479 3085 546 3148 orp.
567 3077 627 3131 tec.
657 3068 694 3130 io
726 3066 761 3131 l.
786 3067 858 3146 Iam
890 3077 997 3131 tameo
1019 3064 1042 3152 §
1063 3070 1091 3132 9·
1111 3077 1216 3131 tomen
1235 3069 1266 3152 (f
1278 3070 1411 3150 judicat.
1440 3076 1529 3152 solo,

181 3174 217 3240 L
239 3192 280 3238 ne
299 3176 335 3237 io
352 3175 461 3255 plures
482 3175 513 3257 ff
529 3175 652 3238 exercit.
673 3183 751 3249 oct,
775 3172 870 3239 Glors.
893 3177 928 3239 io
954 3175 989 3240 L.
1011 3178 1039 3239 si
1058 3186 1218 3257 suspectus
1240 3181 1275 3241 io
1296 3177 1375 3243 verb.
1405 3185 1527 3263 cognito

180 3286 215 3348 in
236 3284 289 3366 plo.
307 3281 338 3365 ff
355 3283 392 3346 dc
409 3291 588 3365 procurat,
610 3299 666 3364 per
687 3300 767 3363 quoe
787 3285 857 3365 jura
886 3282 1065 3347 Vincentius
1088 3284 1135 3347 De
1158 3263 1423 3349 9999999999
1446 3282 1527 3362 aot,

182 3406 274 3472 quern
296 3389 432 3453 relatum
454 3389 598 3469 sequitur
620 3389 722 3454 Jocol.
745 3390 895 3456 Loureot.
918 3390 954 3453 de
970 3389 1070 3471 fodio.
1093 3400 1221 3472 suspect.
1242 3411 1309 3473 cop.
1332 3390 1353 3454 9
1376 3412 1405 3457 9.
1426 3389 1478 3457 47.

183 3519 188 3528 ·
271 3494 320 3561 18.
341 3497 511 3562 limitatur
531 3502 620 3561 sexto
642 3498 674 3561 in
695 3497 838 3579 pluribus
858 3502 968 3562 contra
995 3516 1095 3561 unum
1125 3497 1336 3580 iitigantibus,
1357 3516 1435 3579 quos
1457 3501 1527 3584 oogi

184 3624 271 3691 posse
299 3606 337 3671 avl
363 3624 462 3670 unum
491 3609 726 3689 procuratorem
748 3604 1018 3682 constituendum,
1040 3608 1087 3668 est
1110 3613 1169 3668 tex.
1191 3607 1227 3667 io
1249 3606 1336 3669 999.
1358 3604 1394 3668 ‹lc
1414 3585 1530 3687 99999.

183 3712 207 3802 S
228 3717 346 3782 ricem
366 3717 521 3799 999999,
546 3723 575 3777 ot
595 3715 631 3777 to
653 3713 689 3778 L.
711 3713 795 3795 quod
816 3714 844 3777 si
865 3714 943 3776 nolit
963 3709 1036 3796 §ul
1054 3712 1163 3792 plures
1182 3711 1212 3793 ff
1229 3710 1265 3773 de
1286 3711 1399 3774 ocdtltt.
1415 3711 1533 3787 99999,

184 3841 240 3907 per
260 3840 339 3904 qnae
356 3824 427 3905 jum
448 3820 632 3886 Amomllos
654 3819 691 3883 de
715 3817 818 3884 claro
841 3819 1068 3901 Aquioriopnl.
1084 3814 1157 3894 194,
1182 3819 1316 3883 799991.
1331 3820 1378 3883 De
1393 3818 1533 3883 Franci.

184 3933 211 3997 9.
232 3933 322 3996 decis
345 3928 427 4009 399,
447 3946 526 4010 quos
547 3928 644 3992 refert
666 3929 815 3992 Loureot.
837 3927 865 3991 9
886 3946 918 3991 9.
945 3920 996 3990 47.
1018 3926 1102 3990 Alias
1123 3926 1321 3990 ilmitatIones
1352 3924 1421 3988 vide
1449 3924 1532 4006 apuli

185 4039 318 4104 Petrum
341 4037 426 4102 Reiz
447 4037 475 4101 9.
497 4036 585 4099 decio
606 4030 630 4099 4
650 4052 671 4098 9
694 4054 726 4098 9.
748 4029 813 4098 471
836 4052 933 4117 capue
955 4033 998 4097 99
1021 4028 1147 4097 9491.

271 4145 395 4212 «Ilum
424 4144 566 4209 officiales
585 4147 619 4208 et
644 4144 846 4227 magistratus
875 4142 1007 4206 durante
1038 4140 1163 4204 illorum
1193 4139 1293 4203 officio
1322 4154 1383 4201 non
1414 4136 1530 4218 possint
1592 4180 1594 4184 -

186 4277 201 4315 a
224 4253 390 4318 convenire
419 4269 476 4316 nec
505 4250 679 4328 conveniri,
700 4249 771 4314 hinc
794 4248 979 4313 indubium
1011 4249 1113 4313 vocari
1143 4248 1268 4327 nequit,
1290 4243 1373 4325 quod
1396 4244 1449 4308 ubi
1470 4244 1532 4309 sint

186 4361 314 4427 «citati
334 4376 435 4440 neque
457 4361 621 4424 teneantur
643 4357 770 4422 mittere
792 4353 1028 4438 procuratorem
1052 4353 1157 4431 inviti,
1173 4352 1246 4417 alias
1259 4367 1391 4429 namque
1405 4349 1529 4433 privile

187 4493 202 4530 ι
225 4470 315 4553 gium
338 4468 415 4533 nillil
435 4470 636 4550 operaretur,
668 4463 803 4530 Conotol.
830 4465 998 4528 9999191.
1022 4457 1252 4541 1999991999.
1275 4455 1292 4517 1
1317 4456 1384 4520 rol.
1404 4454 1425 4518 9
1449 4473 1480 4518 9.
1502 4451 1524 4514 7

271 4597 289 4635 ι
314 4574 373 4641 libi
394 4583 468 4639 vero
489 4571 562 4637 velit
583 4589 639 4654 per
659 4575 895 4653 procuratorem
918 4571 1098 4651 comparere
1119 4566 1231 4644 utique
1252 4562 1528 4646 val'et‘lrujusmovli

189 4680 377 4757 «officialis,
400 4679 536 4746 conciet.
557 4679 600 4742 99
621 4686 726 4741 stocos.
749 4677 907 4758 Eupotlo.
929 4673 1020 4740 9991
1045 4673 1112 4736 rol.
1135 4670 1210 4734 llio.
1236 4669 1283 4735 19.
1341 4657 1344 4664 ’

271 4809 289 4847 α
314 4785 462 4866 Quamvis
483 4785 692 4868 procursione
713 4777 841 4867 persona
864 4767 1041 4865 rapadion·
1055 4780 1266 4863 integritatem
1281 4769 1452 4845 'mcessaria
1467 4795 1528 4842 non

193 4895 285 4974 «sit,
307 4912 379 4959 cnm
401 4894 466 4959 elne
487 4897 688 4975 procuratore
709 4896 797 4957 actor
819 4891 865 4955 vel
888 4906 962 4952 rens
985 4887 1153 4967 respective
1166 4886 1316 4968 melitium
1330 4902 1433 4966 perse
1448 4884 1529 4964 ipsos

1294 4988 1334 5050 19
