3734 5750
496 424 551 491 os
574 414 956 490 nnoennmonmits.
979 374 1067 489 ein.
1092 422 1223 490 xxxv.
1476 424 1539 497 tot

181 603 214 666 ric
232 614 378 682 procur„
402 606 430 660 et
459 596 548 658 deris.
580 590 645 656 375
677 609 758 674 quoe
790 601 834 655 est
864 588 907 651 27
937 591 974 653 cic
1001 602 1164 671 procurat.
1197 596 1231 656 io
1264 610 1332 659 που.
1364 616 1395 661 u.
1418 597 1439 660 2
1460 620 1535 667 uere.

177 708 354 792 praedictis.
1416 699 1418 702 ’

265 814 317 880 28.
339 817 478 897 Septimo
509 813 681 885 limitatur,
702 810 728 873 si
759 809 819 873 tale
851 809 1031 872 mandatum
1064 812 1354 890 quantumcumque
1377 815 1536 894 generale,

178 926 290 991 habeat
311 922 448 1001 aliquem
478 920 648 983 terminum
679 917 867 980 arelatinum
889 921 921 980 at
945 916 1175 991 metricorum,
1198 923 1274 998 puta
1297 918 1381 997 qnod
1403 921 1473 1000 quis
1495 923 1537 986 sit

176 1032 368 1097 constitutus
388 1030 575 1111 procurator
597 1025 635 1088 ad
658 1040 764 1088 omnes
785 1041 892 1088 causas
913 1028 946 1088 et
969 1024 1039 1088 lites
1068 1030 1166 1089 motas
1189 1031 1220 1090 ot
1243 1028 1406 1094 movendos
1427 1036 1534 1098 contra

177 1141 318 1217 Titium
340 1140 526 1221 procurator
546 1134 630 1197 enirn
652 1134 694 1196 ito
726 1133 915 1196 constitutus
946 1150 1007 1195 non
1040 1139 1140 1213 posset
1173 1134 1358 1198 intervenire
1384 1136 1415 1199 in
1437 1139 1538 1204 causis

175 1252 287 1311 contra
308 1245 385 1309 alios
406 1249 504 1308 motas
526 1242 573 1304 vel
595 1240 778 1316 movendas,
801 1246 839 1304 ut
861 1245 930 1322 post
955 1240 1070 1304 multos
1093 1241 1197 1305 firmat
1227 1242 1312 1306 Vont.
1335 1244 1364 1307 ci.
1389 1255 1477 1309 tract.
1502 1250 1535 1311 iu

177 1352 224 1415 tit.
246 1353 282 1415 de
304 1352 406 1415 nullit.
427 1368 467 1413 ee
487 1350 592 1431 desert.
614 1348 742 1412 intacti.
764 1367 818 1411 scu
842 1350 983 1412 mundat.
1007 1368 1038 1411 n.
1063 1347 1143 1422 101,
1161 1355 1193 1413 et
1208 1368 1263 1415 nos
1283 1353 1420 1419 diximus
1440 1373 1535 1438 supra

177 1458 210 1522 in
242 1457 481 1523 sublimitatione
509 1456 662 1520 secundae
693 1455 889 1519 limitationis
919 1457 1013 1538 primi
1045 1474 1149 1531 casus,
1187 1468 1215 1521 et
1247 1477 1313 1541 cop.
1342 1465 1538 1542 praecedenti

176 1566 220 1630 oti
238 1568 290 1647 flii.

619 1813 707 1882 CA
723 1814 756 1880 P
776 1813 808 1880 Il
826 1814 858 1879 Τ
908 1814 1086 1883 xxxvl.

346 2070 629 2139 PROCURATOR
651 2075 709 2138 ΑΙ)
732 2075 850 2141 LlTES
872 2078 928 2141 AN
951 2075 1089 2142 POSSlT
1119 2078 1368 2145 lMPnTannn

585 2180 667 2244 VEL
689 2182 909 2248 RECUSARE
932 2182 1126 2251 JUDICEM.

695 2431 1014 2481 ΗΙΙΜΑΒΙΜ

266 2632 293 2696 1.
315 2633 363 2696 Aa
384 2633 621 2715 impetrandum
644 2634 833 2711 rescriptum
859 2634 902 2696 oct
930 2632 996 2698 lites
1025 2634 1152 2712 dejure
1177 2639 1351 2717 requiritur
1373 2655 1468 2704 mau-

369 2740 480 2803 datum
503 2739 643 2820 speciale.

156 2867 159 2871 ·
261 2844 379 2910 Moe
402 2856 595 2912 tamennon
618 2850 819 2911 servaturis
842 2851 992 2927 practico.
1156 2850 1172 2907 t

260 2949 289 3017 a.
311 2952 451 3018 Monimo
474 2955 602 3036 quoodo
625 2963 783 3019 tractatur
805 2957 840 3018 ds
861 2957 972 3038 atiquo
990 2975 1094 3036 poeno
1110 2943 1305 3025 incurrendo
1318 2982 1377 3044 per
1391 2953 1466 3028 cori-

369 3064 553 3127 stitueutrm.
1434 3093 1437 3102 ,

262 3167 291 3234 l.
321 3171 370 3235 Vct
390 3173 417 3234 si
437 3174 625 3252 rescriptum
647 3174 832 3251 impetretur
845 3192 866 3237 o
879 3184 1088 3253 procuratore
1103 3176 1268 3237 constituto
1287 3192 1360 3238 cum
1375 3177 1466 3240 clou-
1537 3209 1540 3222 »

370 3279 439 3341 mlo
463 3278 625 3342 «etiamsi
648 3277 749 3343 iorent
770 3279 842 3344 talia
866 3298 947 3360 quac
969 3281 1150 3345 mandatum
1181 3283 1345 3364 exigerent
1367 3285 1469 3367 magis

370 3385 544 3467 speciale»,
567 3386 613 3448 uei
634 3404 707 3449 cum
729 3389 874 3452 clanculo
891 3409 908 3447 u
924 3390 963 3453 ad
987 3389 1160 3453 iaciendum
1175 3406 1209 3453 eo
1225 3407 1304 3469 quae
1319 3391 1465 3456 dominus

370 3494 396 3557 si
418 3510 560 3574 praesens
581 3497 660 3558 esset
682 3495 830 3576 expedire
851 3503 954 3578 posset
978 3518 1004 3560 o.

264 3602 291 3664 a.
314 3602 378 3665 Aut
399 3603 436 3664 io
458 3604 607 3683 rescripto
627 3604 793 3683 impetrato
807 3623 828 3668 o
841 3614 1047 3685 procuratore
1063 3608 1119 3686 qui
1134 3607 1169 3667 iu
1182 3591 1290 3685 primo
1306 3606 1461 3667 instantio
1530 3647 1533 3654 Α

367 3712 539 3774 iutcrocoit.

262 3814 291 3880 6.
316 3816 367 3883 Sic
387 3822 510 3899 pariter
531 3820 560 3882 si
580 3819 607 3881 ic
630 3829 740 3882 contro
764 3839 855 3900 quem
877 3821 942 3901 fuit
965 3823 1169 3901 impetratum
1186 3822 1372 3900 rescriptum
1396 3834 1461 3879 uou

369 3936 515 4007 opponat.
898 3921 902 3936 '

259 4033 288 4099 7.
311 4034 376 4098 Aut
398 4037 581 4116 impetrans·
595 4037 635 4099 cit
656 4036 692 4098 cte
712 4039 854 4117 personis
869 4054 890 4099 o
905 4037 1017 4118 quitus
1033 4057 1096 4100 ooo
1112 4038 1251 4117 coicitur
1265 4035 1461 4099 martiatum.

256 4140 287 4207 8.
309 4143 495 4208 Haeretieus
525 4147 731 4225 rescriptum,
751 4156 779 4209 ct
801 4163 915 4209 causac
947 4147 1193 4209 commissionem
1224 4144 1329 4225 nequit
1361 4143 1460 4220 impc-
1526 4133 1529 4138 ’

367 4262 462 4316 tcorc.

237 4360 287 4426 ·9.
312 4360 464 4427 Similiter
484 4353 784 4426 excommunicatus.

239 4469 287 4534 m.
311 4471 355 4536 Ut*
370 4473 601 4535 commissiones
623 4480 651 4534 et
672 4474 823 4552 rescripto
846 4471 949 4536 ciieoo
981 4475 1108 4535 comior
1139 4474 1308 4552 impetrato
1333 4468 1459 4531 ooicom

367 4579 449 4643 debet
470 4580 497 4641 is
519 4578 611 4658 cuius
632 4581 758 4642 romine
789 4582 959 4661 impetrato
989 4583 1123 4661 tucrum
1153 4581 1210 4642 itio
1240 4592 1382 4658 expresse
1412 4576 1459 4638 eci

366 4687 458 4750 tocitc
474 4705 533 4766 per
556 4703 652 4749 usum
673 4688 855 4768 approbare.

238 4790 285 4855 11.
310 4792 506 4857 Procurator
527 4794 569 4857 oct
589 4795 656 4858 titas
677 4812 742 4859 nou
763 4806 863 4876 potest
885 4796 998 4878 absquo
1014 4797 1141 4876 speciali
1154 4797 1305 4861 monimo
1320 4796 1397 4859 doro
1412 4788 1458 4854 oct

362 4919 534 4982 prorooare
550 4903 655 4982 judici
670 4904 930 4983 jurisdictionem.

1284 5007 1326 5070 25
