3734 5750
521 413 578 483 DE
600 412 984 484 Pltocttlstwlttstts
1005 418 1093 484 CAP.
1117 420 1183 484 XL.
1470 420 1535 487 213

258 582 288 648 bi
311 586 504 652 Declaratur
526 584 646 650 Bertoli
667 586 836 660 sententia,
859 584 890 648 in
912 585 1052 665 Lquod
1076 587 1147 667 quis
1169 589 1236 652 cod.
1260 588 1300 652 de
1321 607 1445 671 procur.

257 692 288 757 9.
314 694 482 758 Processus
510 695 617 776 tuctur
646 709 721 757 cum
748 702 955 774 procuratore
986 694 1151 760 substituto
1173 715 1195 760 a
1225 699 1355 761 muliere
1385 718 1467 782 puae

366 804 577 884 procuratrix
598 803 768 866 constituta
788 802 854 884 [uit
876 820 950 865 cam
971 804 1125 885 facultate
1151 803 1374 882 substituendi,
1397 807 1469 869 sub-

369 909 516 973 stinetur.

238 1011 288 1079 te.
313 1016 512 1082 Procurator
541 1034 608 1081 non
637 1016 750 1080 babens
779 1019 965 1099 facultatem
996 1018 1220 1098 substituendi,
1251 1031 1332 1086 recte
1364 1032 1469 1087 tamen

370 1137 447 1191 ante
468 1128 530 1192 litis
551 1126 803 1190 contestationem
825 1125 985 1190 substituit
1007 1127 1034 1190 si
1055 1143 1134 1207 pars
1156 1127 1287 1192 accersa
1313 1131 1395 1195 nibil
1416 1149 1472 1213 op-

371 1243 474 1316 bimi

243 1338 293 1407 11.
319 1340 414 1408 Secue
435 1282 631 1423 riopponat.

244 1447 293 1513 12
321 1450 477 1515 Verumsi
494 1459 563 1532 pact
585 1450 812 1531 oppositich
834 1449 1038 1515 aduersarius
1060 1466 1133 1515 eum
1155 1451 1338 1531 cujusmoett
1357 1471 1474 1535 procu-

367 1567 476 1624 ratore
497 1558 663 1625 substituto
678 1546 771 1621 'litem
791 1568 1020 1640 prosequatur,
1042 1567 1186 1624 censetur
1208 1561 1291 1642 quael
1307 1559 1409 1640 judeae
1430 1562 1470 1624 il·

369 1668 438 1732 lum
462 1677 499 1732 ut
518 1666 652 1730 bobilem
675 1667 766 1730 tacite
790 1666 1018 1747 approbaverit.

243 1771 291 1838 13.
317 1774 525 1858 &nunquam
547 1790 663 1838 rursus
684 1782 869 1855 opponeret,
891 1774 1021 1855 quando
1041 1775 1237 1856 proferenda
1259 1782 1333 1837 essct
1355 1782 1477 1837 untur·

362 1883 438 1965 pia.-
457 1883 629 1962 protestari
658 1881 742 1944 enim
773 1881 920 1946 amoena
952 1884 988 1945 in
1018 1883 1150 1963 quolibet
1181 1891 1257 1947 actu
1287 1884 1324 1946 ete
1355 1882 1477 1965 defectu

373 1991 529 2056 manaan.

246 2097 298 2165 ib.
323 2101 365 2165 Iu
382 2099 589 2181 judicialibus
611 2118 676 2164 non
698 2098 811 2181 setnlcit
831 2114 902 2161 una
922 2102 1123 2178 protractio,
1146 2100 1198 2163 seb
1218 2101 1316 2180 repeti
1336 2099 1418 2163 debet
1441 2100 1477 2160 in

374 2209 506 2292 quolibet
527 2219 612 2273 actu.

244 2317 296 2383 lb.
321 2318 413 2397 (lucet
434 2326 540 2383 tamen
558 2315 735 2398 procederet
758 2313 906 2394 ajaces
921 2331 1017 2395 super
1042 2315 1127 2378 elicta
1149 2314 1342 2395 oppositione
1364 2328 1478 2393 capno·

375 2427 462 2490 serit.

245 2530 297 2596 16.
326 2533 377 2599 Vel
406 2535 434 2597 ei
462 2533 531 2601 lieet
550 2533 652 2613 joam
673 2550 769 2612 super
790 2533 860 2613 ipsa
881 2547 947 2595 nan
971 2529 1166 2610 manaverit,
1192 2537 1298 2590 tamen
1321 2544 1398 2608 pars
1419 2524 1477 2588 aa·

374 2656 465 2704 versa
487 2659 517 2705 se
540 2658 606 2705 non
640 2639 750 2705 obtulit
771 2639 815 2704 od
834 2638 1048 2724 probandam„
1056 2653 1151 2701 suam
1182 2638 1392 2717 exceptionem
1422 2651 1478 2696 nec

376 2749 556 2830 appellavit.

247 2854 297 2919 17.
322 2852 522 2921 Procurator
543 2857 658 2923 babens
680 2856 851 2938 simplicem
873 2855 1082 2920 substituendi
1102 2854 1309 2938 facultatem,
1331 2853 1360 2916 si
1380 2851 1482 2915 alium

377 2966 546 3030 substituat
567 2967 633 3047 ipse
656 2966 767 3031 desinit
789 2982 852 3029 esee
878 2965 1084 3028 Procurator.

250 3068 300 3135 18.
322 3069 390 3137 Nisi
411 3071 524 3138 babeat
544 3075 580 3137 in
603 3091 662 3138 ruo
683 3074 837 3139 mandam
858 3074 1045 3155 [aculmtem
1072 3070 1280 3137 substituendi
1310 3086 1415 3133 unum
1437 3067 1483 3132 uel

379 3180 486 3260 plum
506 3189 736 3261 procuratores

248 3285 298 3351 ts.
328 3286 379 3351 Vel
401 3287 609 3354 substituendi
628 3291 720 3354 sentcl
739 3298 798 3354 aut
816 3290 949 3371 pluries.

248 3391 301 3458 20.
330 3394 381 3459 Vel
402 3398 570 3460 revocanti
583 3397 772 3476 substitutos,
786 3399 877 3481 firmo
889 3416 985 3480 penes
999 3400 1105 3478 ipsum
1119 3405 1300 3461 remanente
1321 3394 1481 3458 nontam.

247 3498 300 3564 21.
330 3501 380 3565 Vel
400 3505 464 3567 nisi
485 3504 596 3570 babeat
617 3505 806 3568 maettlatum
829 3506 980 3586 penerale.

248 3605 301 3674 22
324 3607 414 3673 Alias
434 3613 674 3692 procurationis
694 3631 814 3678 munus
844 3616 1014 3692 amitteret,
1036 3615 1088 3679 secl
1109 3615 1211 3680 solum
1233 3622 1374 3695 respectu
1398 3612 1484 3676 illius

381 3727 473 3783 octus
503 3721 546 3785 ael
567 3739 661 3803 quem
683 3722 849 3789 substituit.

251 3819 304 3888 23.
328 3823 523 3891 suosntoeoe
541 3846 606 3892 non
628 3830 745 3894 desinit
765 3848 827 3896 esse
844 3840 1049 3913 procurator,
1066 3831 1292 3898 sisubstitutus
1307 3848 1337 3895 se
1353 3847 1419 3892 non
1434 3830 1485 3890 in-

382 3945 472 4017 perat
492 3940 528 4001 in
549 3955 649 4004 causa
671 3941 708 4004 im
729 3956 795 4022 pua
816 3943 882 4024 suet
903 3942 1097 4006 substitutus.

251 4038 304 4106 Pb
326 4041 392 4108 Aut
414 4045 480 4125 ipre
499 4049 540 4111 sit
560 4048 718 4113 intrabilis.

252 4147 305 4214 2b
333 4150 383 4217 Vel
403 4156 433 4219 si
453 4172 519 4218 non
541 4164 693 4238 moecatur
722 4155 863 4240 effeetus,
884 4166 1014 4239 propter
1044 4158 1223 4241 quemfecit
1244 4156 1369 4236 factum
1391 4166 1487 4212 man·

383 4264 497 4329 tatum
520 4265 737 4331 substituendi

252 4368 305 4436 26.
327 4371 428 4438 Facta
450 4374 668 4440 substitutione
683 4384 747 4441 cta
764 4376 926 4443 submitmo
950 4384 1123 4457 acceptata,
1144 4376 1201 4438 itte
1222 4371 1340 4434 dictim
1358 4365 1486 4447 aprin-

384 4485 483 4566 eipali
502 4484 629 4548 domino
651 4484 761 4550 babere
783 4487 981 4552 monetatum.

254 4586 306 4653 27.
330 4589 518 4655 Periculum
539 4601 645 4657 tantm
666 4602 711 4658 est
731 4594 961 4675 substitueruis,
976 4604 1003 4658 ct
1019 4593 1084 4675 ipse
1104 4589 1192 4654 babet
1215 4603 1390 4670 repressum
1412 4600 1487 4647 eou-

385 4710 439 4765 tra
461 4701 669 4767 sasamon

256 4801 307 4870 28.
332 4804 527 4875 substitutus
545 4819 705 4894 acceptata
728 4813 946 4877 substitutione
958 4812 1075 4914 [lacem
1093 4817 1193 4890 potest
1216 4825 1253 4872 ra
1275 4807 1385 4871 omnia
1406 4818 1488 4885 auat

384 4924 507 4996 poterm
529 4918 726 4984 Murus
