3734 5750
322 298 394 404 'ooo
644 382 645 385 γ
728 314 960 394 nuuovm
980 318 1104 392 cenci
1126 314 1273 390 onnon.

395 502 448 570 21.
478 501 529 568 ret
551 501 616 566 otti
640 508 714 564 earet
737 498 847 562 colitur
870 497 973 601 tooure
993 512 1108 578 operor
1138 512 1229 573 suar,
1252 502 1281 558 ct
1303 492 1451 559 metros
1472 494 1637 560 minero*

378 672 384 685 .
529 629 606 676 rum
628 625 740 690 operor
762 606 947 671 conducere.
1005 630 1008 639 ¹
1223 612 1264 665 ¹.

398 724 450 790 22.
476 721 562 804 Quid
582 715 774 785 servandum
796 714 901 798 quood
922 714 1082 811 semotos,
1105 713 1246 793 uticeque
1269 711 1342 774 viter
1362 711 1540 791 personas?

424 1048 451 1113 1.
475 958 581 1113 Gom
603 1040 784 1109 mandatnm
808 1039 919 1112 debeat
940 1043 1014 1102 etde¹
1029 1035 1225 1120 gratuitam,
1242 1036 1276 1099 L.
1293 1032 1310 1099 t
1327 1031 1418 1120 §pire
1431 1032 1463 1116 ῙῙ
1473 1033 1591 1113 mund,
1607 1030 1706 1097 Gloeo.

235 1200 241 1215 .
333 1163 367 1224 io
388 1160 513 1239 princ,
536 1156 569 1218 et
590 1151 632 1214 ibi
658 1148 705 1212 do,
727 1148 764 1211 dc
791 1148 901 1211 Ptutco
925 1164 958 1210 o.
981 1142 1002 1206 2
1025 1146 1121 1208 instit.
1144 1160 1178 1206 co
1201 1145 1266 1221 tit,
1281 1144 1351 1208 ideo
1373 1143 1436 1209 fuit
1457 1144 1634 1209 dubitatum
1650 1163 1705 1209 eu-

335 1286 390 1352 pra
415 1282 482 1346 cup.
503 1260 565 1325 LX
587 1277 632 1322 uo
651 1257 862 1338 procuratori
885 1255 927 1318 ad
949 1254 1017 1317 lites
1039 1252 1188 1317 dederetur
1210 1248 1376 1316 maome.
1783 1336 1788 1349 .

423 1396 440 1434 a
465 1368 652 1438 Mandatum
676 1364 770 1429 debet
789 1378 855 1429 esee
878 1362 1079 1447 gratuitum,
1093 1361 1215 1424 adeunt·
1233 1359 1449 1427 mandatarius
1470 1372 1532 1419 nnn
1553 1356 1651 1438 poenit
1664 1372 1705 1419 er
1846 1368 1851 1381 ·

334 1502 413 1547 «eo
436 1481 493 1546 sibi
523 1478 649 1542 lucrum
677 1472 864 1553 acquirere,
888 1471 957 1536 Rot.
989 1469 1080 1534 decis.
1106 1467 1167 1532 157
1192 1488 1223 1532 o.
1246 1463 1291 1530 23
1318 1482 1390 1548 pur.
1423 1463 1532 1541 12‚·et
1555 1464 1644 1527 decit
1665 1459 1709 1525 92

335 1613 353 1652 a
378 1609 410 1653 rt.
435 1583 451 1649 1
477 1602 548 1668 pur.
575 1580 624 1646 16.
648 1576 774 1647 Rerum.
845 1608 848 1615 ·
938 1604 941 1611 ⁴

424 1719 441 1757 r
466 1686 671 1769 Mandatum,
692 1690 757 1754 eive
778 1684 978 1755 attendamus
999 1684 1218 1752 definitionem
1234 1682 1427 1761 Placentini,
1447 1682 1513 1746 sive
1538 1679 1620 1746 diam
1645 1684 1706 1746 Ac·

336 1829 354 1868 e
380 1803 486 1880 curtii,
507 1817 644 1880 quarum
667 1802 838 1876 utramque
860 1795 1043 1878 expendunt
1064 1793 1232 1878 poetelius
1246 1794 1285 1857 ab
1300 1792 1345 1857 eis
1366 1791 1534 1875 nitegntun,
1563 1790 1707 1854 Moretur

336 1938 352 1975 r
378 1914 415 1976 dc
438 1916 590 1973 contruct.
612 1903 635 1990 S
658 1905 849 1969 mandatum
871 1905 907 1968 io
928 1904 1031 1983 princ.
1052 1918 1086 1967 o:
1100 1896 1173 1969 dot
1195 1901 1282 1981 '1⁴‚ct
1296 1902 1426 1966 Montio.
1448 1901 1487 1964 de
1508 1899 1659 1963 tooit.·ttd.
1682 1895 1705 1959 7

338 2044 355 2081 o
381 2021 427 2084 tit.
450 2015 471 2079 2
495 2034 526 2079 rr.
551 2010 568 2077 1
593 2028 666 2077 cum
688 2012 778 2075 decad.
801 2028 896 2109 ceap,
918 2026 1042 2093 semper
1070 2011 1190 2077 dicitur
1218 2010 1357 2079 omcinm
1389 2008 1570 2092 gratuitum
1582 2038 1598 2086 ,·
1611 2007 1704 2071 officii

338 2149 356 2188 r
382 2125 485 2210 gratia
507 2119 748 2206 praestandum
771 2112 853 2183 unde
876 2123 1045 2201 propteroa
1066 2112 1203 2184 infertur
1232 2118 1318 2200 duod
1341 2119 1368 2183 ei
1388 2117 1515 2182 accedat
1546 2116 1705 2182 conventio

244 2256 248 2261 ·
338 2257 356 2296 α
379 2250 476 2315 super
498 2230 657 2309 mercede,
679 2233 756 2295 tunc
778 2232 868 2299 utus
889 2228 1040 2294 immutet
1071 2230 1220 2295 naturam¹
1241 2242 1276 2294 ac
1298 2232 1436 2293 trauseat
1457 2227 1489 2291 in
1511 2224 1719 2291 contractum

339 2366 355 2404 a
382 2340 540 2407 locationis
570 2343 603 2403 et
633 2336 867 2414 conductionis,
901 2333 997 2401 earo
1027 2329 1064 2400 dc
1095 2328 1171 2401 Luc.
1203 2338 1240 2401 dt
1270 2344 1373 2402 rotor:
1398 2344 1427 2401 et
1461 2335 1706 2399 administrator.

340 2478 358 2516 o
382 2452 456 2516 diro.
477 2445 522 2510 20
544 2464 576 2511 rt.
598 2444 628 2511 8.
1074 2437 1076 2443 ’

429 2579 446 2619 o
471 2556 551 2621 Hine
566 2555 638 2620 lieet
652 2555 821 2639 praepositi
836 2553 1042 2638 negociorum
1065 2552 1231 2618 videantur
1247 2552 1368 2618 nimiter*
1385 2544 1597 2632 mundatoriis
1612 2553 1644 2615 in
1658 2551 1708 2615 oli

338 2692 357 2731 r
382 2668 497 2749 quibus
512 2671 616 2731 tamen
631 2664 670 2729 ab
685 2664 731 2729 ein
744 2663 914 2738 differunt,
923 2663 1013 2745 quio
1036 2652 1228 2728 mandatarii
1243 2664 1344 2747 gratie
1366 2660 1504 2728 officium
1527 2664 1709 2745 suscipiunt,

338 2775 432 2841 «isti
456 2791 530 2839 vero
562 2772 765 2856 negociorum
789 2772 958 2854 praepositi
988 2789 1030 2836 ex
1044 2760 1254 2837 conventione
1285 2772 1460 2854 suscipiunt
1490 2766 1631 2876 negocia
1655 2788 1706 2853 pro

339 2883 544 2961 «mercede
567 2882 650 2946 unde
673 2882 813 2947 nascitur
834 2887 1017 2948 contractus
1037 2883 1149 2961 locati,
1166 2879 1262 3026 ¹Cecrd.
1286 2880 1323 2948 dt
1345 2884 1424 2948 Luc
1447 2883 1564 2948 idtdd.
1580 2864 1653 2948 desc
1666 2881 1707 2946 20

342 3009 474 3056 «nam.
496 2985 526 3055 9.
698 2997 701 3006 “
762 3017 765 3026 ·
1757 2993 1770 3044 t

429 3099 459 3165 2
480 3101 598 3167 Eadem
621 3100 780 3185 indagatio
804 3099 941 3165 iacienda
964 3103 1105 3166 occurrit
1136 3102 1218 3166 eirea
1242 3105 1481 3202 procuratorem
1503 3100 1708 3165 comtitutum

339 3205 377 3269 ad
395 3208 542 3290 negocia,
557 3208 685 3289 quaein
701 3205 856 3290 praesenti
873 3210 975 3292 capite
988 3214 1038 3274 eut
1052 3209 1281 3292 explicanda

428 3315 516 3394 Quae
540 3316 697 3400 indagatio
719 3316 819 3382 claras
841 3316 936 3383 hebet
952 3319 1174 3401 inspectionem
1198 3320 1298 3401 prima
1321 3323 1378 3398 eet,
1400 3335 1439 3383 nn
1462 3323 1647 3401 procurator
1670 3313 1711 3380 ad

341 3425 469 3509 negocia
492 3425 589 3506 possit
611 3437 684 3490 eum
709 3426 878 3492 mandante
900 3426 941 3491 de
963 3427 1074 3493 salario
1105 3427 1271 3492 convenire
1293 3431 1326 3494 et
1346 3427 1478 3509 pacisci3
1501 3413 1653 3502 seeundd,
1673 3442 1713 3487 an

338 3531 520 3615 paciscendo
543 3534 640 3614 possit
661 3551 756 3617 agere
778 3552 836 3616 pro
862 3534 945 3599 illiue
967 3534 1143 3614 solutioue3
1159 3535 1272 3615 tertia,¹
1286 3551 1326 3600 nn
1348 3534 1424 3600 huie
1447 3523 1647 3617 procuratori
1660 3532 1713 3597 de·

340 3647 455 3710 beatur
474 3642 622 3706 salarium
645 3643 672 3707 ei
694 3642 732 3706 de
755 3631 878 3708 eonon
900 3644 943 3710 eit
965 3648 1163 3708 conventum.

429 3749 459 3815 3.
483 3753 518 3817 lu
543 3751 644 3833 prima
668 3752 859 3833 inspectione
881 3752 1009 3818 videtur
1032 3751 1209 3817 indistincte
1231 3752 1375 3835 negative
1396 3749 1659 3828 concludendum,
1679 3767 1714 3813 ea

343 3851 461 3929 ratione
485 3860 563 3943 quia
579 3847 667 3924 eurd¹
679 3849 862 3925 mnnddtnm
882 3873 925 3925 ex
949 3860 1106 3925 odioio'et
1128 3861 1265 3926 amicitia
1286 3861 1444 3944 originem*
1465 3858 1582 3939 trahat,
1601 3865 1641 3925 ut
1657 3860 1718 3924 init

341 3974 461 4038 dictum
485 3987 554 4052 cop.
586 3969 665 4048 LX,
695 3969 821 4034 videtur
851 3970 936 4052 quod
969 3974 1157 4052 procurator
1189 3975 1355 4084 postquam·
1386 3961 1524 4033 offitium
1546 3967 1722 4048 aceeptarit

342 4083 452 4147 debeat
474 4079 552 4146 iilud
577 4078 676 4164 gratie
698 4077 859 4162 praeiere
879 4085 914 4144 et
934 4079 1082 4157 exibere,
1101 4077 1136 4142 L
1151 4078 1237 4142 tutem
1256 4065 1319 4152 ld
1330 4081 1363 4141 et
1385 4075 1428 4141 ini
1452 4075 1533 4157 Cpit
1553 4077 1590 4138 to
1604 4075 1720 4155 prior

342 4187 595 4252 adcredere
627 4194 703 4250 noto
725 4187 808 4270 quod
830 4188 985 4271 officiam,
1009 4187 1074 4252 tor.
1098 4206 1130 4251 rr.
1151 4185 1194 4266 2,
1213 4191 1245 4252 et
1267 4186 1320 4250 alii
1342 4185 1574 4286 communiter,
1594 4183 1662 4247 cod
1683 4182 1723 4245 dc

340 4311 490 4379 procur„
515 4287 630 4360 Gto'm.
625 4297 669 4358 tit
693 4296 793 4360 trecor.¹
797 4285 1038 4378 ffmdnd
1143 4300 1148 4324 ⁸
1232 4315 1236 4324 ·

430 4399 461 4469 t
483 4405 561 4468 Nam
583 4405 740 4468 contraria
761 4410 810 4470 ost
831 4402 933 4471 officio
956 4409 1138 4484 mordeant
1159 4391 1725 4486 dieitJG.tnL1=§fio.ffeotit

341 4511 414 4576 aliae
437 4511 461 4575 si
484 4516 672 4593 procurator
694 4501 833 4578 odicium
854 4525 949 4578 suam
972 4519 1146 4597 praestaret
1167 4518 1253 4579 certa
1275 4513 1446 4578 constituta
1468 4496 1639 4588 mercede,
1663 4526 1724 4578 nou

343 4622 503 4687 diceretur
526 4625 608 4688 inter
630 4621 829 4688 mandantem
853 4628 887 4688 et
910 4623 1143 4689 mandatarium
1166 4623 1341 4689 eetebratus
1361 4626 1543 4688 contractus
1570 4619 1726 4685 mandati.

433 4731 462 4795 5.
482 4731 639 4810 Quoniam
661 4719 786 4813 quando
810 4743 883 4797 oum
906 4719 1112 4815 procuratore
1126 4723 1319 4796 ‘convenitur
1343 4731 1502 4812 dealiguo
1526 4735 1618 4795 cento
1643 4730 1726 4795 solo-

342 4839 407 4920 rio,
441 4838 511 4905 talis
543 4842 725 4905 contractus
749 4839 920 4923 improprie
943 4840 1061 4907 dicitur
1093 4841 1296 4919 mandatum,
1329 4824 1405 4904 roo
1426 4841 1463 4904 ite
1496 4839 1530 4904 L.
1556 4841 1728 4907 naturalis
