3734 5750
305 369 371 438 asa
738 361 1081 437 aanovrucenm
1104 343 1250 435 amur.

503 540 550 606 ciet
570 539 703 624 foenori,
718 538 853 617 tenetur,
874 537 922 602 eci
943 537 986 603 od
1007 552 1126 600 usuros
1141 544 1317 617 consuetos,
1338 534 1386 600 oei
1397 534 1445 601 od
1458 554 1511 603 eos
1532 555 1613 621 qnos

505 652 571 733 ipse
590 647 741 731 percepit.

372 759 425 827 57.
446 758 491 822 In
514 757 668 836 emptione
691 753 851 817 abstinens
872 752 1056 816 dilationem
1078 752 1122 816 od
1143 749 1327 816 soluendum
1345 753 1526 833 procurem,
1549 761 1615 817 sto-

504 865 560 929 ein
581 870 682 945 potest
705 877 796 943 opere
819 870 933 925 contro
955 860 1122 925 dominnm
1136 878 1204 925 non
1219 868 1255 925 nt
1271 861 1381 941 solnm,
1394 860 1447 927 scd
1460 870 1498 926 ret
1513 863 1613 927 sosei-

504 974 574 1055 piot
598 973 635 1036 in
657 990 687 1036 se
710 970 928 1052 oblipoiionem
949 968 986 1033 de
1007 970 1153 1034 solvendo
1174 968 1272 1033 cano
1294 978 1441 1050 tenpore

372 1082 424 1149 58.
451 1084 588 1147 Tenetur
609 1097 681 1143 nero
704 1079 831 1142 domino
854 1078 959 1142 cedere
981 1076 1137 1141 actionem
1159 1078 1255 1157 empti
1277 1084 1391 1140 contro
1405 1078 1601 1143 ocndtorem.

370 1193 421 1258 59.
443 1191 569 1256 Hoiens
591 1188 781 1252 mandarun
796 1185 918 1250 nncndi
932 1184 1077 1267 [nndnrn
1092 1182 1258 1249 cesarnoni
1277 1185 1406 1248 nornine
1427 1193 1494 1248 tone
1514 1201 1608 1247 mon·

504 1297 611 1361 doniis
632 1311 730 1378 qnam
753 1293 970 1371 mandatarii,
993 1301 1138 1379 censetor
1161 1294 1246 1357 inter
1267 1293 1351 1373 ipsos
1374 1300 1539 1357 eontracta
1561 1308 1612 1356 so

505 1409 608 1471 cieras.

397 1733 425 1798 1.
445 1646 654 1798 Mandatum
674 1726 712 1791 ad
734 1726 902 1791 emendum
925 1726 1021 1791 datur
1043 1723 1091 1791 rel
1113 1725 1297 1809 simpliciter
1317 1729 1353 1792 et
1373 1725 1543 1807 indefinite,
1557 1726 1602 1791 rei
1618 1746 1676 1810 pro

303 1840 432 1907 emenda
456 1838 559 1918 aliqua
584 1854 618 1900 re
641 1834 824 1919 particulari
846 1851 993 1917 expresso
1017 1835 1049 1898 in
1071 1835 1227 1900 mandato.

392 1946 511 2011 ZNon
533 1948 639 2010 tamen
661 1947 806 2007 censetur
828 1941 940 2007 datum
962 1960 1003 2007 ex
1026 1959 1063 2007 eo
1086 1942 1173 2024 quod
1203 1943 1275 2023 quis
1306 1942 1500 2007 mandaverit
1520 1941 1614 2005 alicui
1638 1945 1676 2004 nt

302 2059 431 2122 curaret
453 2052 598 2135 redigere
613 2050 751 2131 aliquem
766 2048 805 2113 ad
821 2050 975 2115 minorem
990 2050 1105 2132 praecii
1120 2051 1168 2115 rei
1181 2050 1329 2115 emendae
1351 2051 1564 2131 quantitatem
1579 2067 1673 2131 quam

267 2244 269 2247 v
303 2166 424 2246 posset,
446 2161 499 2226 sed
521 2158 614 2223 debet
637 2157 706 2222 dari
729 2157 871 2239 specifice
892 2157 929 2222 ad
952 2157 1143 2233 emendum,
1162 2158 1253 2224 lion
1274 2176 1357 2224 coris.
1380 2152 1446 2222 ta1
1470 2178 1501 2224 n
1524 2157 1545 2221 5
1566 2158 1609 2222 od
1621 2159 1675 2240 nn

302 2283 332 2338 et
355 2292 387 2337 n.
408 2270 440 2336 6.

393 2403 410 2443 c
437 2378 623 2446 Mandatum
647 2374 686 2439 ad
708 2373 877 2438 emendum
900 2373 985 2437 inter
1009 2378 1199 2439 mercatores
1220 2374 1373 2456 probetur
1394 2391 1436 2439 ex
1459 2374 1561 2439 literis
1574 2372 1675 2437 missi·

304 2512 322 2550 a
347 2489 411 2568 vis,
433 2487 504 2552 dior.
527 2484 617 2548 decis.
643 2480 706 2546 157
729 2501 761 2546 n.
786 2479 802 2543 1
826 2499 899 2563 por.
923 2479 965 2543 12
989 2481 1117 2547 Reccnt
1367 2556 1371 2571 ι

392 2595 537 2658 «Prout
557 2589 697 2674 ejusdem
723 2588 862 2654 mandati
885 2590 1059 2670 acceptatio
1088 2589 1157 2656 aliis
1186 2590 1286 2656 literis
1317 2591 1438 2673 pariter
1465 2590 1675 2675 justificatur,

302 2726 319 2764 n
347 2702 416 2767 Rot.
438 2703 467 2765 d
488 2701 580 2764 decis.
604 2696 668 2761 157
691 2716 723 2761 n.
746 2695 860 2779 2por.
885 2695 927 2759 12
951 2697 1074 2762 necne

387 2808 418 2902 3.
440 2812 476 2876 ln
499 2809 603 2893 primo
625 2823 710 2886 casn,
723 2805 849 2888 quando
871 2810 1060 2889 procurator
1082 2823 1143 2870 non
1165 2803 1260 2871 habet
1282 2807 1466 2875 mandatum
1489 2805 1619 2892 moniale
1633 2805 1672 2870 ad

300 2919 462 2985 emendam
485 2918 579 2983 talem
603 2931 693 2990 rem,
713 2913 767 2979 sed
789 2915 924 2998 simplex
945 2919 979 2981 et
1001 2915 1198 2984 indefinitum
1221 2916 1260 2981 ad
1283 2918 1451 2984 emendum
1473 2919 1595 2999 absque
1613 2933 1671 2980 ex·

300 3029 456 3113 pressione
477 3030 582 3090 certae
605 3024 670 3102 rei,
692 3023 718 3088 si
741 3039 807 3087 rem
829 3028 915 3088 emat
936 3041 998 3088 non
1020 3041 1168 3107 expresso
1189 3027 1315 3094 nomine
1330 3028 1526 3108 mandantis,
1539 3030 1574 3092 ot
1587 3027 1671 3109 quod

300 3142 385 3203 emat
408 3132 626 3218 procuratorio
650 3132 775 3204 nomine
800 3132 995 3212 mandantis,
1024 3136 1240 3217 praesumitur
1262 3156 1320 3220 pru
1342 3139 1443 3222 seipso
1465 3143 1499 3204 et
1519 3155 1576 3202 suo
1596 3156 1673 3219 pro-

300 3248 371 3332 prio
394 3245 518 3310 nomine
540 3257 655 3320 emere,
671 3239 708 3305 L.
721 3248 749 3304 ct
772 3241 874 3321 inopis
892 3240 923 3324 ff
942 3241 979 3305 de
1002 3243 1103 3322 seint,
1118 3242 1197 3308 Lsi
1218 3246 1265 3309 iro
1286 3246 1459 3327 stipulatus
1481 3243 1505 3331 S
1525 3243 1672 3325 Grisoqo

301 3378 365 3426 nus
383 3356 414 3440 ff
432 3355 471 3419 dc
492 3350 573 3416 verb.
596 3350 697 3432 oedip,
717 3347 807 3414 Ake.
829 3351 865 3413 in
887 3349 923 3414 L
942 3359 1012 3431 post
1035 3351 1136 3416 dotem
1158 3371 1182 3418 n
1205 3400 1213 3417 .
1234 3400 1245 3417 .
1267 3400 1293 3432 .‚
1315 3356 1349 3417 et
1371 3353 1415 3417 ibi
1438 3352 1505 3417 loe
1526 3371 1560 3417 n,
1577 3347 1623 3413 ’13
1644 3351 1675 3433 {s

300 3469 354 3535 soi.
368 3472 480 3541 moin,
495 3459 610 3528 Aiciot.
632 3458 668 3522 de
686 3467 884 3540 proesumpt.
898 3459 997 3541 renni.
1012 3458 1034 3522 2
1045 3469 1220 3542 perrumpi.
1242 3457 1287 3524 24
1308 3480 1342 3526 n.
1362 3461 1383 3525 ὅ
1405 3480 1482 3527 oers.
1506 3464 1610 3527 limito
1631 3459 1670 3539 9,

303 3580 450 3658 Perper.
465 3587 548 3635 cons.
568 3564 611 3630 71
639 3586 672 3631 n.
685 3562 728 3629 26
744 3574 773 3631 ct
790 3584 868 3650 seqq.
883 3567 932 3632 iio.
949 3565 989 3647 1,
1016 3567 1114 3635 Surd.
1135 3587 1219 3635 cons
1243 3568 1285 3634 19
1308 3589 1340 3635 n.
1361 3567 1405 3635 99
1426 3587 1509 3636 vers.
1527 3579 1557 3634 n
1575 3584 1670 3652 proc-

299 3686 390 3752 dictis
412 3679 463 3746 iit.
486 3676 514 3742 1.

388 3789 419 3856 d,
442 3788 644 3856 Gonuarinm
666 3789 772 3851 nmen
794 3786 828 3850 in
848 3784 909 3850 hoo
930 3785 1056 3852 ridetur
1078 3788 1194 3864 senum
1218 3786 1381 3852 Ponciroi.
1402 3805 1486 3852 cons.
1508 3781 1554 3849 99
1576 3804 1610 3849 n.
1629 3780 1671 3846 19

299 3923 341 3971 em
363 3901 454 3967 Bari.
477 3900 513 3961 in
537 3896 574 3959 L.
595 3896 652 3978 qni
683 3894 719 3957 in
750 3895 857 3960 otienc
879 3890 903 3979 §
925 3895 954 3958 si
974 3896 1001 3959 is
1023 3896 1080 3977 qni
1102 3914 1133 3960 n.
1156 3945 1165 3959 .
1186 3945 1194 3961 .
1217 3945 1225 3961 .
1246 3913 1324 3961 eers.
1345 3912 1386 3960 ere
1414 3894 1474 3959 doc
1504 3909 1672 3975 responso,

298 4020 333 4081 et
354 4010 396 4076 ibi
418 4007 508 4072 dica,
530 4023 561 4067 n.
584 4050 595 4067 .
615 4049 623 4065 .
645 4050 653 4067 .
675 4006 708 4066 ei
730 4003 783 4067 alii
802 4003 834 4086 (f
851 4003 888 4068 dc
908 4005 1031 4086 nequir.
1052 4004 1179 4070 haered

387 4119 417 4184 5.
440 4111 633 4181 insecundo
656 4129 729 4182 vero
751 4129 845 4191 eam,
865 4111 961 4177 sicuti
992 4116 1182 4195 procuratur
1213 4113 1272 4182 iate
1304 4132 1366 4178 non
1387 4117 1517 4196 poterat
1536 4110 1606 4194 cogi
1625 4106 1670 4172 ad

298 4221 529 4308 suscipiendum
549 4220 583 4283 et
603 4219 829 4302 acceptandum
852 4219 1054 4296 mandatum,
1077 4221 1121 4286 ita
1142 4225 1213 4304 post
1243 4222 1326 4292 illius
1346 4222 1590 4305 aceeptationem
1620 4222 1674 4282 te·

300 4338 394 4400 netur
416 4329 493 4395 iliud
514 4328 630 4410 exequi
654 4326 748 4394 etad
770 4328 863 4392 finem
878 4327 1069 4411 perducere,
1083 4330 1214 4394 emendo
1230 4347 1297 4396 rem
1321 4330 1354 4396 in
1376 4327 1600 4412 procuratorio
1610 4342 1673 4388 ex-

299 4459 455 4529 pressam,
477 4443 513 4503 ut
535 4437 677 4505 diximus
696 4454 765 4518 cop.
791 4436 911 4502 XXIV
928 4455 961 4502 n.
982 4433 1036 4502 31.

387 4547 417 4614 6.
438 4546 529 4626 Quod
553 4546 631 4611 adeo
662 4562 772 4610 verum
793 4548 842 4611 est
864 4544 950 4626 quod
972 4545 998 4611 si
1021 4547 1080 4612 iste
1111 4552 1299 4630 procurator
1320 4547 1433 4614 hanon
1459 4545 1492 4610 in
1515 4541 1679 4615 minutis

298 4667 337 4726 ut
357 4663 443 4722 emat
463 4655 599 4735 aliquem
622 4658 744 4736 eertum
769 4652 913 4732 fundum,
936 4653 992 4736 qui
1013 4656 1056 4720 sit
1076 4673 1135 4738 pro
1157 4656 1260 4739 aliqua
1283 4662 1368 4722 certa
1391 4659 1481 4739 parte
1504 4655 1677 4739 ipsiusmet

298 4762 529 4859 procuratoris,
544 4766 690 4826 teneatur
710 4762 805 4825 etiam
830 4763 952 4843 partem
975 4780 1065 4828 suam
1087 4764 1246 4830 mandanti
1265 4765 1406 4845 vendere,
1423 4763 1460 4828 L.
1474 4766 1502 4830 si
1511 4763 1676 4847 fundans,

297 4893 371 4944 cnm
397 4873 430 4938 L.
452 4887 527 4954 seq,
550 4869 586 4934 L.
608 4871 635 4933 si
658 4869 850 4934 mondooero
872 4864 896 4953 S
920 4868 1095 4956 intenae,
1113 4870 1147 4935 L.
1160 4873 1219 4954 qni
1240 4873 1368 4955 nepocia
1390 4869 1415 4957 S
1436 4873 1489 4955 fin.
1501 4870 1533 4953 ff
1546 4868 1678 4943 reond,
