3734 5750
299 377 363 444 228
728 363 929 436 absovit!
951 361 1074 431 CENGI
1097 362 1243 433 TRACT.

388 570 406 609 a
432 545 584 631 intellige,
607 542 633 607 si
656 540 779 624 prinrus
799 539 999 621 procuratur,
1023 534 1079 616 qui
1102 533 1344 616 praeoccupavit
1365 538 1517 615 opponat3
1538 550 1625 600 secur
1646 534 1674 599 sl

301 682 318 720 a
343 674 405 722 nou
420 657 575 738 opponat,
590 650 664 733 quia
680 653 756 714 tunc
777 650 847 710 acta
870 643 1108 721 substiuantur,
1129 643 1211 706 idern
1237 641 1341 707 Paloa
1365 640 1464 725 Nepos
1488 642 1561 706 ibid
1575 662 1608 707 o.
1622 641 1675 707 29.

388 762 440 830 26
460 761 554 844 Quod
577 765 682 826 umen
704 756 854 822 ultimum
876 752 994 817 limitat
1015 750 1139 815 duobus
1161 749 1262 815 modis
1285 747 1378 815 Gaid
1404 750 1485 831 Pap.
1510 752 1545 813 lo
1561 750 1591 813 d.
1607 766 1675 830 cap.

181 885 184 891 '
300 878 328 940 rr'
350 875 413 939 dau
436 872 615 954 inpriore,
639 865 781 932 videlicet
802 864 828 929 si
850 863 876 928 is
898 862 954 943 qui
977 861 1066 926 litem
1089 860 1291 926 contestando
1323 862 1502 942 praeuenit,
1526 859 1574 924 vel
1597 859 1676 922 nolit

300 982 454 1065 judicium
476 978 633 1061 prosequi,
655 974 703 1041 vel
725 991 786 1037 uon
809 971 906 1056 possit
927 987 968 1035 ex
990 984 1038 1050 eo,
1059 969 1145 1051 quud
1167 968 1364 1050 infirmetur,
1387 971 1586 1051 absentetur,
1608 989 1676 1036 ma·

303 1092 415 1168 riatur,
438 1092 496 1152 aut
517 1086 610 1151 aliter
632 1082 841 1166 impediatur;
855 1079 972 1162 qubus
994 1079 1116 1143 casibus
1138 1078 1391 1162 contingentibus
1405 1096 1495 1162 passe
1516 1079 1612 1144 aliurn
1634 1097 1676 1145 ex

302 1198 394 1264 dictis
415 1193 673 1280 procuratoribus
694 1190 851 1272 suscipere
872 1192 907 1253 et
927 1187 1078 1270 perlicere
1099 1187 1263 1271 judicium,
1277 1187 1354 1252 dicit
1370 1188 1411 1253 ibi
1430 1188 1511 1270 Pap.
1525 1190 1560 1253 in
1573 1190 1677 1271 princ.

305 1315 331 1369 et
355 1308 389 1369 tn
410 1306 464 1388 plu.
864 1348 867 1353 <
1076 1368 1078 1373 ,

393 1408 445 1475 21.
468 1410 533 1475 Nisi
549 1410 644 1490 isqui
667 1407 828 1489 praevenit
843 1406 876 1470 in
891 1405 984 1471 dictis
1004 1404 1128 1470 casibus
1147 1404 1244 1470 adum
1268 1406 1479 1482 substituerit,
1504 1413 1580 1473 tunc
1595 1408 1678 1473 euim

304 1539 377 1586 cunr
409 1520 581 1586 substituta
611 1517 674 1581 erit
703 1514 857 1598 judicium
889 1513 1142 1593 terminandum,
1173 1516 1211 1578 ut
1241 1513 1347 1579 subdit
1378 1514 1420 1578 ibi
1454 1515 1534 1596 Pap.
1565 1516 1596 1579 in
1618 1515 1680 1579 line

305 1645 460 1713 pruncrprr.

392 1731 540 1798 261110
572 1731 666 1797 ruodo
698 1730 814 1795 limitat
847 1728 948 1794 Ratira
979 1730 1009 1794 d
1040 1748 1123 1796 coos
1156 1728 1217 1792 117
1241 1749 1274 1794 a.
1295 1727 1336 1810 6,
1356 1731 1475 1799 scilicet
1495 1733 1621 1814 quaudo
1642 1731 1682 1796 ab

306 1845 396 1910 initia
419 1843 457 1908 lis
479 1842 542 1907 luit
563 1844 737 1907 contestata
760 1855 779 1903 a
801 1838 925 1903 duobus
946 1838 1243 1920 conjunctimque
1268 1855 1343 1903 casu
1372 1839 1457 1921 quod
1480 1841 1613 1921 qrrilibet
1632 1856 1682 1903 se-

306 1952 442 2036 paratim
474 1951 514 2014 de
545 1967 602 2032 per
632 1967 665 2014 se
695 1947 794 2031 possit
822 1946 976 2030 judicium
1009 1947 1176 2030 prosequi,
1198 1946 1276 2012 dicit
1307 1950 1349 2013 ibi
1382 1949 1481 2014 Baio.
1511 1966 1553 2015 ex
1575 1955 1683 2015 meute

310 2060 438 2137 innoc„
463 2057 511 2123 la.
533 2056 633 2123 Andr.
655 2065 684 2121 at
707 2055 828 2121 611161
851 2058 888 2119 in
911 2057 1007 2137 capit.
1020 2058 1236 2137 praesentiam
1251 2057 1289 2121 de
1305 2058 1399 2123 teoto.
1414 2059 1450 2122 in
1466 2055 1505 2138 6,
1519 2064 1552 2124 et
1567 2060 1683 2142 repetit

308 2169 391 2234 idem
418 2168 516 2234 Rata.
538 2167 610 2232 idid
632 2186 665 2231 ra
689 2164 739 2231 17.

396 2274 516 2344 26111
539 2277 679 2355 ratione,
701 2276 776 2357 quia
804 2278 944 2353 eunom,
974 2273 1060 2356 quad
1092 2278 1229 2355 uterque
1259 2270 1494 2357 repreheseutat
1520 2290 1683 2357 personam

308 2388 527 2454 canditaentis
548 2389 581 2452 et
602 2385 713 2450 eodem
734 2384 859 2448 nemim
888 2383 975 2466 agit,
999 2383 1099 2448 Rain.
1121 2383 1166 2447 ibi
1189 2402 1220 2446 o.
1243 2380 1283 2462 6,
1305 2392 1333 2447 at
1364 2379 1485 2448 Gamla
1506 2382 1544 2445 in
1566 2381 1594 2444 d
1617 2394 1684 2459 cap,

310 2499 338 2561 sl
359 2497 424 2560 dna
446 2497 481 2559 in
502 2496 608 2575 princ.
632 2512 664 2557 n.
687 2490 717 2557 6.

399 2603 452 2669 27.
475 2610 525 2670 An
546 2607 652 2667 autern
677 2603 703 2667 si
727 2605 821 2668 testes
844 2600 1035 2665 inducantur
1065 2618 1127 2665 non
1150 2601 1189 2666 ab
1220 2600 1272 2665 illo
1302 2605 1511 2683 procuratore
1537 2600 1591 2680 qui
1624 2599 1688 2663 tuit

311 2713 400 2778 litera
423 2714 632 2789 conmtatus,
654 2709 707 2774 sed
730 2710 768 2774 ab
790 2709 909 2787 altero,
932 2708 1074 2774 inductio
1096 2714 1131 2774 et
1151 2710 1362 2793 depositiones
1376 2709 1447 2774 inde
1461 2712 1612 2790 sequutae
1633 2724 1687 2771 va·

314 2819 397 2887 leant
426 2824 461 2886 et
490 2818 724 2904 suffragentur,
746 2816 809 2884 late
838 2815 971 2883 discutit
1000 2816 1163 2884 albericae
1194 2819 1230 2884 da
1262 2818 1387 2885 Matella
1418 2827 1509 2884 tract.
1535 2814 1686 2882 61111111.

311 2938 395 3012 part.
420 2927 435 2992 1
462 2948 531 3010 cap.
552 2927 574 2991 7
598 2947 629 2993 n.
651 2926 693 2990 21
719 2937 749 2992 at
770 2945 849 3010 rep,
873 2931 907 2991 st
928 2927 1034 2992 venor
1056 2927 1182 2993 videtur
1203 2943 1276 3010 pars
1296 2927 1500 3005 affirmativa3
1514 2926 1590 3009 quia
1613 2942 1687 3007 pra

314 3039 445 3102 eupator
467 3036 536 3117 ille,
557 3054 631 3100 cum
654 3054 718 3116 quo
742 3036 778 3101 lis
808 3053 870 3100 non
901 3035 965 3100 iuit
995 3040 1186 3111 contestata,
1210 3053 1272 3099 nau
1302 3036 1467 3120 repellitur
1488 3036 1555 3119 ipsu
1575 3035 1687 3117 jurea

313 3141 450 3224 judicio,
471 3143 526 3209 sed
547 3161 607 3226 ape
635 3145 829 3227 exceptionis
850 3145 876 3209 si
898 3145 926 3210 is
948 3145 1003 3225 qui
1026 3143 1088 3208 luit
1113 3143 1202 3209 litem
1233 3149 1428 3211 contestatus
1455 3148 1489 3211 et
1517 3159 1690 3227 praeoccu-

316 3249 402 3329 pavit
423 3265 457 3314 se
477 3256 615 3333 opponat
634 3255 670 3316 et
691 3251 902 3332 contradicat,
926 3252 996 3317 liat.
1017 3253 1107 3316 dacis.
1128 3247 1197 3316 761
1218 3271 1250 3317 a.
1273 3249 1294 3316 3
1314 3263 1399 3335 part.
1420 3252 1442 3316 2
1466 3254 1589 3319 Restat.

405 3356 458 3422 28.
479 3359 600 3424 Verum
622 3360 648 3425 si
670 3360 816 3427 dominus
837 3362 869 3424 in
890 3362 1115 3426 constitutione
1137 3361 1252 3426 burum
1276 3366 1520 3445 procuraturum
1541 3358 1689 3425 adhibuit

317 3462 455 3546 abuma
484 3467 674 3544 clausulam,
713 3485 771 3550 per
801 3484 895 3548 quam
927 3468 1044 3533 dictum
1074 3471 1389 3553 praeoccupationem
1428 3469 1629 3553 prohibuerit
1658 3474 1691 3534 et

317 3574 536 3658 denegaverit,
558 3581 634 3642 tunc
663 3576 904 3659 praeoccupatio
933 3559 1029 3642 unius
1057 3577 1193 3644 alterum
1225 3595 1287 3642 non
1317 3577 1479 3654 excludit,·
1501 3582 1579 3659 puta
1613 3578 1639 3641 si
1662 3576 1692 3639 in

319 3686 539 3766 procuratorio
563 3704 638 3751 usus
668 3686 730 3750 luit
759 3685 914 3750 clausula:
936 3687 982 3750 ita
1004 3695 1042 3750 at
1064 3705 1130 3751 nan
1152 3689 1192 3752 sit
1214 3688 1326 3751 melier
1354 3686 1492 3751 10161110
1519 3701 1691 3766 prmoeca·

319 3795 446 3876 panda,
470 3793 617 3859 &attan
638 3796 762 3877 discept.
782 3796 900 3876 {manc
921 3812 991 3876 cap.
1005 3792 1069 3857 261
1088 3813 1120 3860 n.
1136 3793 1197 3874 68,
1213 3795 1261 3860 vel
1283 3794 1442 3860 ebusula:
1464 3803 1493 3858 at
1508 3793 1593 3877 qaod
1605 3809 1693 3855 unas

322 3921 432 3969 mrum
447 3906 643 3969 inchoaverit
657 3906 738 3970 alter
757 3905 907 3986 prunam
927 3904 1065 3968 mertare
1088 3913 1114 3968 et
1136 3905 1229 3987 linire
1243 3904 1355 3981 odeat,
1371 3902 1470 3967 llain.
1484 3901 1515 3965 d.
1530 3915 1613 3963 emas
1629 3892 1692 3958 117

324 4031 357 4076 n.
379 4008 401 4075 6
423 4022 498 4077 ante
520 4031 597 4078 aare
619 4014 712 4091 item,
728 4021 754 4077 et
778 4014 871 4077 tertio
893 4022 922 4077 et
944 4031 975 4077 n.
1000 4009 1041 4075 16
1063 4012 1112 4077 lib.
1135 4013 1173 4087 6,
1198 4010 1344 4077 Gratiae.
1364 4012 1394 4075 d.
1416 4027 1485 4092 cap.
1506 4007 1571 4072 261
1596 4026 1627 4071 ra
1650 4001 1692 4068 63

324 4128 352 4183 et
374 4137 434 4202 seq.
455 4120 513 4185 Vel
535 4120 690 4185 clausula:
710 4124 895 4203 promittens
916 4126 995 4199 etc,
1016 4137 1098 4201 puae
1127 4121 1313 4187 extenditur
1337 4119 1491 4203 quidquid
1513 4134 1571 4201 per
1595 4117 1696 4182 dictes

323 4234 562 4309 procuratores,
584 4229 631 4294 vel
653 4246 764 4293 eorum
794 4229 929 4294 alterurn
962 4233 1087 4312 gestum
1115 4229 1230 4306 luerit,
1256 4230 1326 4296 nor.
1348 4243 1456 4294 caram
1480 4227 1609 4311 Grcpar.
1635 4225 1699 4292 Xl'

325 4333 417 4398 decla.
439 4333 504 4398 286
527 4354 560 4400 n.
580 4332 620 4414 lt,
643 4341 676 4402 et
698 4338 850 4419 importat
872 4337 1055 4402 mandatum
1079 4337 1286 4413 insolidum,
1312 4340 1441 4405 Addunt.
1464 4339 1508 4405 iat
1529 4359 1562 4404 n.
1580 4335 1630 4401 16.

413 4441 466 4509 29.
487 4445 547 4511 Ubi
569 4450 676 4511 autern
698 4446 804 4527 plures
823 4449 1045 4529 procuratores
1065 4452 1140 4511 sunt
1162 4448 1336 4526 constituti,
1351 4447 1404 4513 sed
1420 4465 1482 4512 non
1503 4447 1537 4512 iu
1560 4444 1695 4512 solidum

327 4569 410 4618 unus
434 4571 494 4617 non
517 4557 643 4620 tenetur
665 4573 724 4638 pru
745 4555 827 4619 iactu
849 4554 997 4633 alterius,
1019 4572 1077 4619 nec
1105 4556 1344 4623 constituuntur
1368 4557 1414 4620 rei
1437 4554 1569 4619 debendi
1592 4554 1622 4616 in
1644 4569 1697 4615 su·

324 4662 441 4740 lidum,
462 4662 514 4727 sed
538 4664 669 4743 quilibet
692 4668 819 4731 tenatur
840 4664 1010 4730 dumtaxat
1031 4680 1090 4746 pru
1111 4665 1207 4747 gestis
1229 4681 1286 4747 per
1308 4663 1530 4746 semetipsum,
1551 4678 1612 4725 non
1634 4675 1696 4741 pro

327 4771 423 4855 gestis
444 4787 501 4853 per
524 4770 607 4836 alias

412 4877 464 4944 36.
486 4880 581 4946 Secus
601 4886 707 4947 autern
730 4884 755 4949 si
780 4882 839 4947 illis
860 4883 932 4948 data
955 4883 1052 4948 luerit
1074 4881 1304 4947 administratio
1329 4882 1360 4946 iu
1384 4879 1539 4956 solidum,
1564 4876 1598 4940 t.
1621 4890 1698 4938 cam
