3734 5750
324 391 366 457 76
751 380 1090 452 LUDOVlGl'OENGl
1113 386 1257 454 TRACT.

326 574 328 579 ·
410 554 460 619 30.
484 555 572 621 Unde
594 550 656 616 uon
677 552 806 631 quilibet
827 548 1045 616 contractura
1068 554 1324 635 principeiaotus
1346 553 1438 617 habet
1460 554 1521 616 vim
1545 552 1627 636 tegis

409 661 461 726 31.
482 660 601 727 Eadem
624 658 828 723 consideratio
851 658 987 722 habenda
1014 664 1063 723 est
1083 662 1164 724 circa
1187 661 1399 742 dispositiones
1420 661 1514 725 iactas
1543 663 1582 726 ab
1603 664 1673 725 uni-

322 770 468 835 versitate
491 786 552 861 non
574 770 811 849 recognoscente
833 766 1044 845 superiorem,
1075 770 1113 831 ut
1135 785 1195 830 non
1217 768 1348 847 quitmn
1362 773 1555 832 contractus
1578 769 1674 833 lactus

321 878 361 941 ab
383 875 432 938 illa
455 876 567 939 habeat
587 875 666 955 legis
678 872 835 956 rigorem,
857 874 909 937 sod
924 873 1092 938 dumtaxat
1114 876 1236 954 quando
1258 876 1398 957 procedit
1419 876 1583 940 statuendo
1605 879 1673 940 uni·

323 982 497 1059 versaliter,
521 984 554 1044 et
575 976 941 1060 consequenter'quaudo
963 983 1147 1046 universitas
1168 1000 1225 1064 per
1246 984 1326 1048 viam
1349 988 1526 1047 contractus
1554 985 1608 1048 dat
1628 986 1673 1049 la-

322 1090 469 1153 cultatem
500 1088 617 1152 sindico
648 1091 687 1150 nt
717 1086 811 1168 possit
832 1086 980 1169 obligare
1009 1089 1181 1170 singulares
1211 1106 1354 1171 personas
1384 1089 1480 1168 illius,
1511 1106 1584 1152 cum
1616 1107 1673 1153 sorr

323 1198 464 1277 disponat
486 1212 542 1276 per
564 1195 1022 1276 oomtitutionem‘genorulcm
1046 1197 1097 1259 cui
1113 1198 1284 1278 singulares
1298 1214 1445 1277 personae
1459 1196 1673 1274 subiiciautur,

322 1302 372 1366 sed
397 1319 452 1383 per
475 1302 554 1365 viam
577 1299 722 1379 simplicis
744 1304 923 1364 contractus
944 1301 1080 1366 sindicus
1102 1302 1151 1366 ille
1166 1302 1376 1368 contrahendo
1395 1321 1459 1366 non
1478 1296 1585 1385 ¹potest
1598 1305 1674 1369 obli-

323 1428 396 1492 gare
419 1409 588 1491 singulares
610 1425 753 1487 personas
775 1407 814 1471 de
836 1409 1046 1474 universitate.

326 1566 331 1577 .
410 1516 461 1581 33.
482 1516 576 1581 Cum·
593 1517 702 1580 civitas
732 1520 768 1579 ot
787 1515 969 1580 universitas
998 1534 1059 1580 non
1081 1518 1177 1599 possit
1206 1534 1255 1580 res
1277 1534 1348 1581 suas
1370 1518 1433 1580 sine
1465 1534 1555 1580 musa
1585 1517 1675 1581 alicui

322 1627 462 1704 auferre,
485 1625 575 1687 Burs.
597 1627 633 1687 in
657 1625 692 1687 t
706 1626 793 1687 totns
813 1621 836 1707 §
853 1626 885 1687 si
905 1624 1012 1705 cui-ff
1028 1626 1063 1688 dc
1077 1626 1256 1705 pollicitos,
1282 1624 1357 1688 Inn.
1372 1626 1408 1686 tn
1430 1640 1499 1704 cop.
1514 1625 1591 1705 quio
1612 1625 1675 1702 pte-

322 1739 411 1818 riqoe
432 1755 464 1799 n.
486 1735 506 1797 5
536 1752 613 1797 ocra.
635 1734 686 1796 scd
710 1734 752 1799 dc
776 1734 832 1796 boc
861 1743 941 1797 extr.
964 1734 999 1796 dc
1021 1737 1154 1797 immun.
1175 1734 1294 1811 scetes,
1317 1733 1388 1796 Dec.
1409 1749 1492 1795 cons.
1514 1726 1579 1793 338
1600 1747 1631 1793 n.
1653 1725 1675 1790 6

323 1864 398 1910 cerr.
428 1854 456 1909 ct
478 1846 557 1926 pom
586 1846 771 1921 nospsos
794 1843 918 1917 emitas,
948 1859 1021 1905 cum
1045 1842 1111 1905 aliis
1141 1840 1278 1922 allegatis
1300 1856 1394 1920 supra
1416 1840 1448 1901 iu
1469 1838 1530 1901 line
1551 1835 1675 1900 meandi

323 1945 419 2017 casus.
441 1950 499 2016 Sed
521 1954 645 2013 tanturn
667 1948 790 2029 quaudo
813 1948 882 2012 talis
897 1948 1082 2012 universitas
1104 1948 1196 2012 habet
1211 1946 1402 2012 voluntatem
1425 1950 1458 2009 et
1473 1944 1677 2009 intentionem

325 2061 400 2143 legis
422 2059 606 2138 condendae,
733 2082 737 2091 ·
1609 2088 1611 2091 ·

324 2210 328 2219 «
412 2164 464 2229 33.
486 2166 620 2248 θεωρεῖ.
640 2167 723 2229 enim
755 2165 955 2247 spectandum
987 2172 1034 2230 est
1065 2182 1126 2246 qua
1156 2171 1260 2229 mente
1290 2164 1366 2244 quid
1389 2163 1512 2228 dicatur
1539 2163 1678 2234 vetitet,

325 2284 360 2341 ut
382 2280 470 2339 notat
493 2274 583 2337 scta
605 2276 640 2338 in
662 2276 696 2338 t.
721 2273 739 2335 1
764 2275 819 2337 sod
851 2293 882 2337 n.
903 2270 1011 2336 2'cod.
1034 2292 1073 2336 nc
1094 2274 1152 2354 stit
1172 2291 1231 2353 pro
1250 2281 1353 2351 putto,
1377 2280 1405 2332 et
1426 2271 1461 2331 in
1485 2269 1520 2331 t.
1539 2285 1611 2348 pen.
1641 2268 1675 2328 in

321 2384 417 2462 prim.
439 2382 547 2444 lectur.
566 2381 596 2463 ff
613 2381 656 2443 cd
678 2381 815 2444 emund.
839 2379 908 2458 Qua
924 2381 1096 2444 intentione
1118 2384 1253 2444 cenante
1268 2377 1351 2459 quod
1373 2395 1414 2440 ex
1429 2380 1592 2440 contractu
1615 2375 1677 2437 sin·

323 2487 447 2551 dieiab
468 2488 669 2555 universitate
691 2489 853 2552 constituti
877 2489 1056 2571 obligentur
1078 2488 1248 2569 singulares
1275 2502 1424 2568 personae
1434 2518 1447 2563 ,=
1463 2485 1579 2548 durum
1600 2486 1678 2546 esset

324 2600 356 2659 et
385 2597 423 2659 ab
439 2596 612 2676 ‘aequitate
641 2595 774 2660 naturali
803 2596 956 2671 ebenum,
989 2595 1086 2659 Andr.
1118 2593 1209 2673 Gojtt.
1240 2595 1275 2656 ds
1307 2585 1672 2670 consciscerent

324 2718 391 2780 cup.
414 2699 435 2763 9
458 2720 489 2765 n.
511 2698 541 2764 8.

409 2802 461 2871 3d.
482 2808 533 2874 Ad
554 2809 828 2889 effectumitaqae
851 2814 888 2874 ut
910 2814 1088 2874 contractus
1109 2809 1320 2874 universitatis
1351 2811 1382 2871 in
1405 2826 1468 2889 quo
1497 2808 1592 2871 datur
1614 2808 1678 2869 sin-

324 2915 393 2978 dico
416 2915 543 2980 facultas
565 2914 720 2996 obligandi
743 2932 887 2996 personas
908 2917 1079 2998 singulares
1102 2915 1181 2980 illius
1203 2918 1315 2981 habeat
1338 2918 1401 2981 virn
1424 2918 1517 2999 legis,
1540 2934 1618 2997 opus
1631 2932 1679 2978 es

326 3028 375 3090 iet
396 3026 433 3086 ut
456 3026 611 3086 statutum
635 3023 842 3102 ρτεεεεᾱειεῐι
862 3039 918 3103 per
938 3024 1023 3102 qarod
1045 3023 1160 3087 sindico
1182 3024 1312 3088 daretur
1343 3024 1411 3087 talis
1438 3024 1583 3101 namtas,
1614 3039 1677 3102 quo

323 3131 442 3192 statuto
465 3126 667 3208 praecedente
689 3128 771 3194 dicta
786 3129 913 3194 facultas
935 3131 1006 3194 data
1029 3132 1144 3196 sindico
1168 3133 1199 3194 in
1220 3137 1383 3196 contrusa
1405 3132 1572 3196 sindicatus
1586 3132 1678 3196 babe-

327 3245 375 3306 ms
398 3237 460 3304 mm
484 3235 579 3318 legis,
600 3237 769 3300 seeundum
793 3237 884 3301 Bata
907 3240 941 3302 in
962 3239 991 3302 d.
1014 3237 1082 3301 t.1
1108 3241 1194 3301 circu
1215 3241 1269 3320 fin.
1292 3240 1355 3301 cod.
1378 3257 1417 3300 no
1430 3241 1488 3320 filii
1507 3255 1568 3319 pso
1587 3248 1681 3319 pots,

330 3345 422 3409 Post.
446 3345 493 3408 lle
517 3343 627 3410 Castro
648 3347 684 3408 in
708 3345 741 3409 t.
765 3347 872 3408 cintus
895 3364 917 3408 n
919 3392 994 3410 .....
1013 3346 1044 3427 ff
1061 3349 1088 3409 si
1111 3357 1180 3409 cert.
1193 3357 1272 3426 pet,
1305 3356 1332 3408 et
1354 3348 1391 3408 in
1413 3342 1486 3408 td
1506 3343 1529 3429 §
1547 3344 1563 3406 1
1581 3363 1603 3406 n
1605 3392 1680 3407 .....

321 3457 405 3539 fficio
427 3474 461 3519 rc
479 3455 592 3535 judic,
614 3456 703 3519 Alsa.
724 3471 806 3519 coss.
828 3451 872 3518 id
895 3473 925 3518 n}
949 3455 1067 3520 acm.
1091 3459 1235 3537 quinimo
1257 3458 1376 3538 fortius
1399 3455 1449 3516 lits
1475 3451 1502 3516 1.

412 3559 528 3627 35..ttt
550 3568 626 3626 tuuc
647 3562 782 3627 sindicus
802 3563 1013 3628 contrahendo
1036 3565 1190 3646 obligaret
1210 3564 1305 3627 etiam
1336 3563 1507 3644 singulares
1538 3575 1681 3643 personas

328 3670 555 3748 universitatis,
579 3670 671 3734 Bold.
694 3675 776 3735 cons.
798 3666 840 3733 dl
856 3667 923 3734 nd
947 3671 995 3735 tit.
1011 3669 1050 3747 3,
1073 3681 1099 3736 ct
1123 3674 1163 3733 ivs
1182 3670 1217 3733 t.
1232 3673 1328 3734 etium
1352 3688 1383 3734 n.
1408 3665 1451 3731 tt
1470 3669 1537 3732 cod.
1558 3669 1594 3731 ds
1609 3685 1679 3731 aas·

328 3788 387 3843 ssd.
410 3779 457 3841 roi
473 3777 573 3858 judic.
1384 3797 1402 3808 ¹·

415 3883 465 3950 36.
487 3885 559 3964 Quo
583 3892 686 3951 manen
718 3904 790 3951 casu
813 3888 996 3951 universitas
1018 3893 1177 3952 teneretur
1206 3903 1386 3950 consmvare
1407 3885 1563 3948 indemnes
1584 3879 1682 3944 ustas

327 3995 526 4077 particulares
548 4011 708 4076 personas,
732 3992 875 4058 Grotius
898 3996 1019 4075 discept.
1041 3997 1157 4076 [mens
1171 4010 1250 4074 cup.
1273 3989 1335 4056 196
1356 4009 1387 4055 n.
1403 3987 1444 4053 31
1466 3998 1494 4052 ct
1509 4005 1603 4069 sopp,
1624 3982 1679 4046 abi

325 4102 433 4165 asserit
455 4101 613 4181 quomodo
635 4101 702 4165 fieri
725 4101 834 4166 debeat
856 4102 939 4165 dicta
960 4102 1150 4166 conservatio
1170 4099 1392 4164 indemnitatis

413 4207 464 4273 37.
486 4212 592 4290 Neque
616 4211 716 4274 obstat
738 4209 821 4289 quod
836 4215 1015 4274 coruscus
1036 4208 1117 4273 illim
1138 4210 1194 4288 qui
1216 4208 1309 4271 babet
1330 4207 1514 4288 wtmtatcm
1531 4195 1680 4267 mntmdt

327 4316 426 4397 legem
440 4317 553 4382 habeut
568 4318 631 4382 vim
646 4318 740 4400 legis,
764 4316 799 4380 L.
816 4315 936 4382 Cccscr
959 4317 990 4398 ff
1000 4316 1035 4378 dc
1046 4317 1179 4396 publia,
1203 4316 1280 4396 qnia
1297 4317 1358 4380 lvoc
1378 4320 1426 4379 est
1447 4329 1559 4377 verum
1579 4325 1680 4391 quan·

289 4475 292 4482 ,
327 4427 396 4489 tam
418 4424 457 4487 ad
479 4424 538 4488 hoc
560 4429 597 4490 ut
618 4430 706 4507 pacta
729 4429 772 4488 et·
782 4424 917 4505 capitula
939 4439 1019 4503 quac
1042 4423 1121 4486 liunt
1144 4423 1176 4486 in
1198 4421 1253 4486 tali
1275 4426 1439 4486 muiractu
1460 4421 1592 4484 debeant
1615 4431 1680 4479 sar-

329 4534 393 4598 vari
417 4550 434 4594 a
457 4533 585 4615 singulis
606 4532 743 4615 personis
764 4531 802 4596 dc
823 4530 1042 4610 universitata3
1064 4535 1141 4613 puta
1162 4530 1188 4594 si
1211 4530 1394 4594 universitas
1417 4527 1529 4592 vendat
1551 4520 1683 4608 gabellu

327 4658 401 4714 cnm
423 4640 517 4704 certis
537 4640 634 4720 pactis
654 4645 688 4705 et
708 4639 868 4721 capitulis3
887 4656 961 4702 nam
982 4656 1073 4702 nemo
1102 4637 1141 4700 de
1164 4637 1278 4719 populo
1300 4635 1416 4717 poterit
1444 4635 1550 4699 venire
1572 4631 1679 4694 contra

324 4749 408 4818 dicta
431 4744 585 4827 capitula,
616 4747 710 4812 immo
734 4747 863 4827 quilibet
884 4749 1011 4810 tenetur
1041 4745 1097 4808 itta·
1111 4745 1290 4821 observem
1312 4761 1373 4808 non
1396 4747 1502 4808 autem
1525 4742 1681 4821 quanurm
