3734 5750
495 335 551 407 uu
574 333 958 405 ruuuuuauuuiuus,
979 334 1068 406 GAP.
1089 334 1267 404 LXXXIV.
1494 330 1560 400 tua

288 505 340 575 tt.
354 509 454 589 ‘Quod
477 506 619 591 presedit
640 505 735 571 etiam
759 506 784 571 si
806 506 954 571 mandms
966 505 1157 589 promisisset
1179 507 1274 570 mam
1296 522 1368 569 enm
1383 504 1559 587 loramento

202 637 233 686 se
249 616 434 685 habiturum
456 621 535 696 rata,
557 620 646 699 prata
668 617 702 678 et
725 613 813 679 irma
836 614 940 679 omnia
963 618 997 681 et
1017 629 1234 695 quaesumus
1256 616 1342 695 gesta
1364 627 1422 694 per
1440 611 1560 676 dietum

200 742 296 791 sunm
320 729 577 808 procuratorem,
603 720 734 802 Sarepta
756 722 794 785 de
813 722 952 804 potvitsp
968 720 1144 802 insument.
1163 719 1270 802 pessit.
1295 715 1357 784 118
1373 738 1403 782 sa
1417 714 1440 780 o
1454 718 1496 781 od
1508 717 1560 799 fist

198 841 282 896 stet
304 828 335 898 l.

287 939 338 1005 os
359 940 426 1008 lloo
448 944 551 1007 tamen
573 939 672 1019 tollit,
693 940 719 1004 si
746 955 786 1003 aa
810 939 996 1023 eoajaatnris
1027 942 1130 1022 possm
1159 952 1310 1020 apparere
1340 934 1434 999 alum
1464 931 1559 999 luisse

197 1050 337 1113 mentem
359 1046 542 1114 mandantis

288 1150 340 1217 5&
360 1154 438 1219 iiam
470 1151 649 1219 nemetum
683 1150 795 1236 recipit
826 1152 1115 1237 interpretationem
1137 1171 1155 1218 a
1178 1151 1341 1219 verisimili
1360 1155 1465 1217 mente
1486 1166 1562 1215 oon-

197 1258 377 1339 stituentis,
401 1259 508 1326 Poris.
529 1277 612 1324 eoos
633 1255 678 1324 eo
700 1278 733 1324 st
757 1257 798 1323 15
820 1261 869 1326 tu.
892 1258 931 1343 3,
953 1267 1057 1329 otest
1084 1261 1124 1326 de
1154 1266 1260 1327 mente
1291 1259 1423 1343 Seroplt.
1452 1259 1509 1326 sol
1531 1259 1560 1321 d.

196 1383 230 1429 n.
253 1364 275 1428 7
297 1385 373 1432 ears
394 1368 472 1450 puio
490 1368 659 1449 promissio
679 1368 841 1448 penarum

286 1472 337 1539 57.
357 1475 416 1543 Sed
439 1481 543 1559 posset
573 1475 712 1541 dubitari
734 1494 773 1540 an
797 1476 855 1543 iste
876 1485 1064 1561 procurator
1085 1477 1278 1544 constitutus
1297 1476 1336 1541 ad
1358 1472 1559 1559 exigendum,

194 1581 294 1661 possit
315 1582 443 1667 exigere
464 1583 569 1649 debito
591 1600 729 1664 quornm
752 1584 914 1652 solutionis
936 1586 1001 1653 dies
1023 1592 1165 1670 tempore
1186 1585 1324 1651 mandeti
1339 1584 1412 1650 laeti
1430 1601 1491 1648 non
1507 1599 1559 1646 ve-

192 1693 287 1754 nerat
317 1694 350 1757 et
380 1692 523 1775 negative
552 1691 678 1757 videtur
699 1692 963 1774 concludendum,
984 1694 1057 1776 quia
1087 1692 1114 1759 is
1144 1693 1200 1773 qni
1222 1692 1316 1758 debet
1339 1692 1370 1755 in
1391 1691 1474 1756 diem
1497 1705 1559 1752 non

191 1792 313 1861 dicitnr
334 1798 461 1880 proprie
482 1798 607 1864 debitor
627 1816 700 1864 eam
722 1800 761 1865 aa
782 1816 820 1865 eo
843 1801 941 1867 inrito
961 1819 1022 1866 non
1044 1800 1142 1884 possit
1170 1783 1375 1880 simmaea,
1404 1797 1440 1861 L.
1462 1798 1490 1861 si
1511 1797 1557 1860 ito

190 1901 349 1981 scriptum
371 1900 395 1989 S
416 1906 445 1969 si
464 1905 522 1969 sol
544 1906 735 1987 musone,
757 1919 787 1973 st
809 1909 844 1974 L
865 1910 894 1974 si
913 1909 1135 1992 scripsissetis
1152 1909 1188 1973 ds
1209 1905 1325 1990 Lesa
1348 1905 1498 1972 Emodus.
1518 1904 1556 1969 de

190 2009 344 2074 rosseto
365 2011 581 2078 munsterus
603 2032 671 2096 sup.
692 2012 736 2080 28
758 2034 791 2081 n.
813 2015 854 2081 ot
879 2036 952 2082 cum
975 2034 1053 2102 sopp.

284 2116 337 2184 58.
358 2123 404 2186 At
424 2120 450 2185 si
475 2129 662 2204 procurator
684 2123 797 2188 habnt
819 2125 1003 2191 aromatum
1024 2125 1064 2191 ad
1084 2124 1275 2210 exigendum
1297 2140 1370 2189 enm
1393 2123 1487 2187 libera
1501 2122 1557 2187 nd-

188 2224 444 2309 ministratione‚
464 2234 567 2312 posset
588 2230 683 2296 etiam
704 2231 833 2316 exigere
855 2232 974 2298 credite
995 2233 1148 2316 praefate,
1169 2236 1208 2297 nt
1227 2229 1418 2297 eonciliando
1437 2225 1557 2311 opinio

187 2351 247 2400 nea
269 2334 428 2402 concludit
452 2336 603 2403 uocetur.
624 2339 653 2404 d
675 2356 744 2421 sup.
765 2336 810 2404 28
833 2359 865 2404 o.
887 2337 930 2404 56
953 2349 981 2407 st
1003 2357 1083 2424 sepp.

282 2441 333 2508 59.
355 2442 388 2510 Si
410 2449 517 2511 aarum
537 2451 725 2529 procurator
745 2446 858 2513 haheat
880 2447 1062 2513 mandatnm
1083 2446 1123 2513 ad
1144 2445 1333 2530 exigendum
1349 2461 1423 2509 cum
1437 2460 1473 2507 ea
1488 2441 1556 2524 lege

184 2556 227 2619 ut
250 2556 363 2618 exusta
384 2553 482 2620 solvat
503 2553 710 2622 oreditoribus
738 2554 976 2635 constituentis,
997 2558 1123 2621 tenetur
1144 2553 1277 2642 formam
1305 2549 1444 2617 mandati
1464 2563 1556 2631 prae-

185 2659 253 2724 cise
276 2659 371 2724 etad
395 2676 535 2744 unguem
565 2662 746 2741 ohaerrare,
775 2667 808 2727 et
837 2668 949 2729 oracta
979 2662 1189 2729 oreditoribus
1218 2659 1392 2727 mandantis
1420 2656 1555 2731 solvere,

183 2765 264 2831 alies
287 2766 407 2835 lederet
438 2767 531 2833 fldem
553 2773 618 2834 mm
640 2770 843 2837 constituenti
865 2788 961 2852 quam
984 2771 1049 2838 suis
1074 2770 1300 2845 oreditoribus,
1323 2772 1362 2834 ot
1382 2765 1556 2832 oonsiderat
1616 2836 1624 2853 ‚

182 2875 282 2941 Bort.
314 2877 351 2941 tn
383 2877 417 2942 Ι.
446 2877 671 2962 filiusfamilias
691 2876 715 2965 s
732 2887 978 2961 procuratorem
1000 2897 1032 2944 aa
1054 2876 1072 2942 1
1094 2879 1132 2942 io
1161 2879 1231 2963 ltro,
1261 2882 1295 2943 et
1315 2876 1358 2941 ibi
1393 2874 1488 2940 Post.
1516 2871 1552 2935 de

184 2980 299 3049 (ἴασιν.
320 3001 352 3047 sa
375 2981 418 3047 10
438 2984 688 3067 pdeproeur„
711 2985 910 3070 intelligendo
932 2991 1037 3053 mmm
1058 2995 1096 3053 ot
1114 3004 1174 3070 por
1195 2985 1287 3050 Bort.
1307 2984 1351 3050 tit
1371 2980 1457 3048 soi.

276 3110 300 3150 ι
322 3092 513 3158 Procurator
534 3091 649 3158 halem
670 3094 827 3177 peculime
857 3094 1040 3161 mandatnm
1060 3095 1100 3161 ad
1121 3094 1314 3179 exigendum
1335 3095 1369 3156 ot
1390 3086 1554 3171 obligatio

180 3220 200 3260 s
227 3215 308 3264 nem
328 3198 368 3264 ad
388 3199 586 3279 solvendum,
608 3218 746 3284 aequum
767 3208 816 3269 est
836 3207 874 3269 ut
894 3204 935 3269 de
957 3204 1097 3286 pecuniis
1117 3201 1355 3269 oonsistentibus
1376 3198 1490 3277 solvat,
1519 3199 1553 3260 et

177 3328 197 3368 a
223 3307 267 3372 de
290 3308 404 3375 solutis
425 3326 483 3375 sno
504 3313 646 3393 tempore
667 3309 945 3394 reintegrationem
967 3311 1124 3390 obtineat,
1140 3310 1211 3377 liet.
1232 3325 1340 3374 sorum
1365 3304 1477 3387 Crispo
1497 3304 1551 3367 de-

178 3416 283 3480 ecit.
313 3411 491 3480 muli
518 3414 643 3482 torni.

275 3546 296 3585 e
322 3525 370 3591 lta
390 3526 486 3591 etiam
507 3532 695 3609 procurator
716 3528 773 3608 qui
798 3530 935 3613 snsoepit
965 3546 1044 3596 onus
1075 3525 1258 3595 inrmtiendi
1287 3522 1451 3607 pecuniam
1477 3536 1553 3584 exe·

179 3653 199 3693 s
223 3636 318 3697 ctam
348 3631 387 3696 ad
419 3648 564 3714 oensem
585 3638 619 3700 et
639 3653 700 3700 non
722 3635 812 3716 iecit,
835 3641 964 3703 tenetur
988 3638 1115 3704 manino
1137 3635 1177 3701 ad
1198 3634 1309 3699 damna
1330 3637 1365 3698 et
1386 3631 1550 3706 anm,

177 3763 197 3803 ι
225 3739 391 3808 Coretus
414 3740 491 3805 Lus.
512 3741 549 3807 de
569 3742 638 3807 dote
659 3744 791 3808 &mors
815 3742 877 3808 121
901 3764 932 3811 ra
955 3744 985 3811 2

273 3868 296 3908 s
323 3846 422 3928 ldquo
442 3847 519 3913 adeo
549 3866 660 3916 verum
690 3856 739 3917 est
768 3857 876 3917 ooutra
907 3854 1138 3921 mandatarium
1170 3854 1351 3933 susceptum
1380 3862 1459 3910 ouua
1487 3858 1550 3906 nou

174 3978 194 4018 ι
221 3954 468 4036 adimplentem,
488 3956 573 4038 quod
593 3958 667 4023 lieet
688 3957 727 4023 de
747 3959 819 4042 lure
840 3961 1018 4043 prohibitus
1038 3960 1347 4035 assuetissimus,
1368 3970 1481 4035 nempe
1503 3953 1551 4015 in·

173 4084 194 4123 α
221 4066 352 4127 teresse
374 4060 505 4128 alterins
527 4064 693 4145 interesse,
714 4083 769 4132 seo
791 4066 913 4135 iruotns
933 4070 1119 4150 tractuum,
1141 4073 1279 4136 attamen
1309 4066 1336 4130 si
1362 4065 1548 4146 procurator

173 4193 193 4233 ι
219 4171 342 4255 exegit
362 4188 380 4235 a
402 4171 546 4238 debitore
566 4175 615 4239 sui
637 4175 814 4258 principalis
835 4176 957 4244 noctus
979 4197 1035 4245 seu
1057 4197 1169 4245 nsnras
1190 4196 1253 4242 una
1283 4193 1356 4240 oum
1386 4175 1471 4237 aorte
1501 4169 1549 4233 in-

171 4298 190 4338 a
218 4276 422 4357 vestiendas,
443 4283 571 4346 tenetur
590 4283 686 4347 etiam
708 4283 747 4348 de
768 4285 836 4351 istis
855 4286 1011 4353 fructibus
1031 4289 1071 4353 ad
1092 4287 1248 4371 praedicta
1270 4285 1381 4350 damna
1404 4285 1438 4348 et
1468 4280 1549 4345 iute-

170 4407 190 4447 ·
216 4388 477 4468 tessenderlon,
492 4390 596 4470 quoad
611 4408 684 4456 eum
699 4397 803 4459 totum
818 4399 867 4461 est
880 4413 957 4475 sora,
974 4394 1069 4462 cord
1083 4397 1121 4461 de
1137 4394 1215 4460 Luc.
1229 4394 1266 4458 de
1280 4392 1342 4456 slot.
1355 4388 1466 4454 ddtso.
1482 4382 1544 4447 121

171 4514 192 4553 s
219 4511 256 4558 rt.
282 4489 318 4556 3.

266 4599 326 4666 60.
349 4603 412 4668 lete
434 4608 541 4671 autem
563 4613 749 4689 procurator
770 4628 831 4677 non
854 4613 956 4678 solnm
978 4616 1105 4680 tenetur
1127 4612 1157 4676 in
1177 4610 1294 4694 judioio
1318 4606 1448 4691 exigere
1477 4621 1545 4669 ere-

165 4710 238 4777 dita
264 4709 466 4791 maudantis,
487 4714 540 4779 sed
563 4719 690 4782 tenetur
711 4720 806 4786 etiam
838 4719 926 4785 illum
957 4721 1120 4788 deiendme
1143 4721 1169 4786 si
1191 4737 1209 4785 a
1230 4717 1372 4786 doluere
1394 4715 1545 4778 convento

164 4817 441 4901 reconveniatur,
464 4818 555 4888 Bort.
576 4826 612 4890 io
634 4824 670 4890 L.
690 4837 800 4895 motos
820 4825 844 4914 8
863 4845 968 4911 poeto
990 4849 1022 4896 se
1045 4828 1062 4894 1
1082 4830 1113 4914 {s
1132 4830 1169 4896 de
1189 4845 1329 4913 proruo,
1349 4820 1543 4891 lutulento
