3734 5750
542 306 596 377 DE
614 309 1005 381 cnocdnaonrans.
1028 314 1117 381 CAP.
1140 315 1189 383 CI.
1486 320 1551 388 1135

266 479 519 559 «Procurator,
542 481 598 562 qui
626 480 674 547 uti
700 480 770 545 talis
800 482 894 546 sedvel
917 481 979 547 tuit
1001 484 1209 566 approbatus,
1231 487 1366 568 amptius
1389 490 1549 573 reprobari

178 608 195 645 a
222 605 283 655 non
307 596 428 673 potent,
445 590 515 656 noa
532 591 579 651 io*
592 588 802 653 Menoeceu
825 587 921 654 θανά.
942 591 978 653 de
1001 590 1079 654 Luc.
1101 589 1137 654 de
1160 595 1271 657 usuris
1293 594 1343 658 tid.
1361 593 1382 657 5
1397 597 1490 662 decia
1504 595 1549 661 to

176 720 195 759 a
221 716 252 763 a.
275 696 296 762 9
319 709 392 763 tom.
419 696 446 763 1.

266 829 283 867 a
308 808 407 874 Sicuti
430 808 526 872 etiam
550 808 622 887 quis
644 825 704 870 nou
727 811 831 888 potest
860 820 918 890 pro
943 826 976 872 re
999 806 1056 873 sibi
1084 809 1242 875 favorabili
1272 811 1411 894 aliquem
1435 814 1550 880 habere

176 934 194 973 α
218 933 276 997 pro
298 920 504 997 procuratore
527 915 669 999 irqitirno
685 961 693 992 ,
710 920 744 979 et
766 916 797 979 in
820 917 986 983 contrariis
1007 918 1039 982 in
1061 918 1171 984 mdem
1195 937 1228 983 re
1251 920 1414 989 facultates
1435 943 1551 1007 procu·

176 1046 195 1085 a
220 1026 335 1091 nataris
357 1026 582 1104 intervertere,
598 1024 668 1089 nov.
689 1026 726 1087 in
750 1024 894 1089 Montius.
915 1025 960 1089 αά
984 1024 1079 1092 θανά.
1101 1028 1139 1089 de
1164 1027 1240 1091 duo.
1262 1029 1298 1092 de
1320 1032 1430 1095 usuris
1450 1032 1499 1096 110.
1529 1031 1550 1095 5

175 1154 194 1195 ν
219 1133 309 1203 decio.
331 1129 376 1198 d7
399 1154 431 1199 a.
454 1131 476 1197 8
498 1142 570 1197 tom.
598 1130 625 1196 1.

266 1264 284 1303 α
308 1242 396 1308 Licet
418 1243 450 1306 in
472 1241 615 1324 pluribus
637 1241 716 1306 actis
738 1260 812 1307 eum
835 1241 941 1322 aliquo
958 1242 1006 1306 uti
1022 1248 1228 1325 procuratore
1244 1245 1358 1328 gestis,
1372 1247 1444 1327 quis
1459 1244 1547 1311 ilium
1660 1232 1664 1246 ⁸

174 1370 197 1425 q
218 1355 455 1431 procuratorem
477 1353 631 1415 emortum
656 1350 881 1428 nominaverit,
897 1354 1037 1415 attamen
1059 1352 1085 1415 si
1108 1351 1218 1416 eodem
1234 1355 1377 1434 tempore
1392 1370 1465 1418 oum
1481 1355 1547 1436 ipso

174 1481 193 1518 a
218 1474 255 1531 ea
276 1457 447 1541 expleverit
469 1474 550 1538 quae
573 1456 694 1523 nomisi
715 1473 789 1521 eum
813 1475 887 1521 vero
909 1464 1115 1539 procuratore
1138 1458 1287 1541 compleri
1311 1466 1461 1539 quaeunt,
1476 1461 1544 1524 tru-

175 1588 193 1627 ν
216 1572 281 1632 stra
299 1560 470 1631 'adhibetur
493 1565 564 1631 talis
583 1565 810 1647 praeservativa
833 1568 945 1647 utpote
968 1567 1123 1630 contraria
1149 1566 1249 1644 iacto,
1266 1566 1332 1631 Rot
1351 1569 1386 1631 to
1403 1568 1548 1631 Muottss.

173 1698 191 1737 a
215 1676 258 1738 αά
282 1673 434 1739 Cordule
459 1674 535 1737 Luc.
556 1673 595 1736 de
616 1675 727 1737 usuris
748 1673 799 1737 tid.
822 1672 843 1735 5
865 1674 956 1737 decis.
979 1670 1023 1736 lad
1046 1693 1078 1738 o.
1101 1670 1145 1738 33
1169 1684 1241 1738 tom.
1267 1670 1295 1737 1.

263 1805 281 1843 a
306 1781 353 1847 Ita
368 1780 507 1847 mandati
524 1798 678 1864 procerae
689 1780 814 1847 deiectu
831 1781 898 1845 dari
914 1800 977 1845 noo
993 1787 1098 1865 potest
1111 1782 1257 1865 exceptio
1272 1783 1297 1847 ai
1313 1784 1384 1865 quis
1400 1783 1548 1848 eumdem

174 1913 193 1951 a
219 1895 459 1974 procuratorem
482 1890 647 1969 uti'talem
669 1890 832 1971 citaverit,
856 1890 926 1957 liet.
948 1893 1039 1956 decia
1062 1890 1106 1955 78
1128 1911 1160 1956 α.
1184 1890 1226 1956 10
1247 1909 1320 1974 ραν.
1340 1892 1363 1954 ’1
1387 1894 1512 1958 licceat.

264 2022 282 2061 a
305 2000 348 2066 Et
371 2000 414 2065 aie
437 1997 625 2065 contrahens
646 2004 815 2081 agnoscens
837 1998 974 2079 aliquem
1000 2001 1031 2063 in
1048 2002 1304 2082 procuratorem,
1320 2000 1403 2063 nuile
1427 2001 1546 2066 ratiha-

172 2127 192 2169 ν
216 2107 336 2175 ditione
358 2110 528 2183 conventa,
552 2123 614 2169 nou
636 2111 740 2188 potest
761 2106 878 2171 exinde
901 2107 984 2173 iiiios
1006 2125 1169 2189 personam
1194 2109 1380 2192 impugnare
1401 2115 1435 2175 et
1458 2127 1548 2173 man·

173 2234 202 2273 α.
216 2212 283 2281 dati
305 2212 461 2278 detectum
484 2214 639 2295 chimera,
663 2212 733 2278 not.
755 2214 845 2279 άννίν.
869 2212 911 2278 tc
935 2234 966 2278 o.
992 2213 1126 2296 repar.
1152 2211 1194 2278 dd
1217 2215 1342 2281 neceas.

261 2316 316 2387 te
336 2320 499 2387 Contraria
523 2325 626 2387 manen
649 2322 802 2388 sententia
835 2322 962 2387 videtur
993 2324 1119 2404 probari
1143 2340 1199 2405 per
1225 2324 1298 2389 Τια.
1320 2327 1356 2387 io
1381 2326 1415 2389 L.
1439 2324 1460 2386 ἱ)
1484 2326 1549 2389 ναά.

171 2432 211 2497 άι
231 2449 267 2497 να
289 2431 346 2513 qui
366 2447 427 2511 pro
450 2438 564 2508 tutor„
587 2438 616 2495 et
638 2432 673 2493 io
697 2431 733 2495 L
755 2432 812 2512 qui
833 2449 932 2513 aequo
956 2430 1020 2494 ναά.
1042 2433 1100 2513 qui
1120 2433 1191 2495 άαν
1214 2439 1310 2496 tutor.
1331 2450 1428 2512 pots„
1458 2440 1486 2494 et
1512 2434 1546 2494 io

168 2537 208 2613 Ι.
228 2556 297 2603 ooo
318 2536 448 2601 dotium
476 2539 540 2603 cod.
562 2538 607 2605 de
620 2547 735 2618 tuam„
749 2542 783 2603 et
805 2538 888 2605 iilam
911 2538 1048 2621 amplexi
1071 2543 1146 2604 sunt
1167 2538 1337 2604 Battumer.
1358 2540 1451 2604 decis.
1471 2538 1548 2619 050,

171 2647 383 2711 rarescens.
406 2643 503 2710 5212
529 2642 640 2711 13110
662 2643 702 2722 3,
738 2645 833 2711 θανά
853 2647 945 2711 decia.
971 2642 1035 2710 tot
1056 2664 1088 2711 α.
1112 2644 1151 2709 11
1176 2657 1204 2711 et
1230 2643 1290 2724 12,
1314 2655 1341 2709 et
1364 2647 1456 2710 decis.
1480 2644 1545 2709 108

170 2777 205 2825 α.
228 2754 270 2823 12
293 2764 321 2820 ιν
347 2752 405 2833 13,
427 2754 557 2821 Bertuz
580 2773 663 2821 eoos.
686 2756 812 2820 crtouiu.
833 2752 898 2818 260
920 2774 953 2818 o.
976 2752 1287 2832 satanacam
1309 2772 1392 2817 eoas
1412 2751 1452 2815 12
1468 2774 1500 2818 o.
1516 2751 1547 2832 2,

169 2865 246 2938 th.
259 2867 350 2934 decv'r.
368 2861 432 2930 100
446 2883 479 2929 o.
494 2861 515 2928 3
530 2861 639 2946 pund
651 2862 790 2942 dictent,
803 2861 934 2928 Addunt.
957 2861 999 2928 od
1023 2853 1152 2943 Grepo'r.
1178 2860 1243 2927 XV
1261 2861 1351 2926 decis.
1366 2856 1431 2924 280
1447 2881 1478 2924 α.
1496 2857 1547 2940 11,

178 2976 267 3046 Vunt
289 2976 326 3038 de
348 2974 453 3042 cotto.
474 2976 509 3038 to
533 2973 579 3038 tit.
593 2973 631 3038 de
646 2974 749 3038 sudu.
772 2985 814 3037 esa
836 2971 940 3056 defeci.
961 2966 1337 3036 imminentem.
1359 2986 1457 3052 quum
1472 2987 1546 3032 com

169 3087 239 3170 qut,
263 3085 317 3149 ubi
339 3082 416 3147 aiios
439 3082 544 3147 refert

187 3229 202 3244 ·-
258 3188 312 3258 to.
333 3191 475 3259 Etduec
497 3190 610 3256 ultima
631 3190 741 3271 opinio
760 3188 901 3271 procedit
914 3189 1035 3263 auitam,
1049 3187 1176 3252 sidicta
1198 3185 1345 3267 exceptio
1367 3185 1545 3266 opponatur

167 3317 226 3387 per
249 3303 331 3370 viam
353 3298 587 3383 abnegationis,
609 3296 740 3364 dicendo
762 3295 880 3377 quod
871 3314 904 3360 vn
925 3313 1074 3416 processu
1095 3313 1159 3358 non
1182 3293 1338 3376 probatur
1368 3290 1457 3356 ilium
1479 3306 1545 3354 esse

167 3523 317 3594 curator,
333 3521 473 3582 adamen
488 3514 526 3581 ad
542 3512 748 3597 detegendam
769 3511 945 3577 nuditatem
970 3515 1132 3594 gestorum
1156 3487 1259 3591 potest
1280 3506 1543 3588 quandocumque

165 3624 284 3709 opponi
307 3623 391 3702 quod
415 3640 598 3704 comparens
621 3640 682 3686 nou
712 3625 782 3686 eret
813 3624 1021 3703 procurator,
1044 3618 1134 3682 Alex
1160 3634 1243 3683 cons.
1264 3614 1364 3680 ran
1387 3615 1479 3679 9110.
1501 3611 1542 3689 la,

167 3740 242 3820 post
261 3747 356 3814 quem
378 3735 412 3797 et
433 3729 519 3810 alios,
541 3730 630 3798 Vaut
651 3730 680 3793 ά.
701 3730 748 3796 ttt.
771 3747 802 3794 u.
814 3724 870 3792 ’63
891 3746 968 3793 vara
992 3728 1211 3793 nihilominus,

255 3837 309 3910 te.
330 3842 440 3924 Neque
460 3838 564 3904 ouant
585 3838 668 3904 ratio
689 3854 747 3929 pro
769 3835 925 3904 conuerte
957 3836 1103 3919 opinione
1125 3835 1276 3918 ethaam
1297 3832 1372 3914 quia
1395 3829 1541 3894 admissio

167 3952 199 4015 in
223 3953 458 4032 procuratorem
481 3959 544 4014 non
566 3949 687 4029 mectat
707 3944 746 4010 od
768 3944 1069 4026 adversariumqui
1090 3961 1151 4009 non
1175 3947 1278 4024 potest
1301 3941 1402 4006 tacere
1424 3956 1541 4022 procu·

166 4062 309 4126 ratonem
330 4073 405 4120 eum
427 4055 483 4136 qui
510 4071 571 4124 nou
602 4057 668 4130 est,
689 4054 742 4122 aed
766 4058 886 4136 spectat
914 4054 958 4119 ad
980 4054 1223 4118 constituentem
1254 4055 1288 4116 et
1319 4049 1537 4123 mandantem,

165 4165 259 4230 nata.
281 4166 317 4228 a'o
340 4163 370 4227 ά
394 4162 429 4227 L.
452 4164 520 4229 ticet
544 4180 577 4226 o.
599 4158 621 4225 8
644 4163 679 4226 in
699 4163 755 4246 fin.
774 4163 839 4226 cod
861 4163 897 4226 de
917 4179 1069 4243 proauo,
1091 4159 1181 4225 Δάνα.
1204 4161 1234 4223 ά.
1256 4177 1339 4224 eoos.
1353 4157 1398 4220 72
1410 4176 1469 4240 per
1489 4168 1541 4223 tot.

166 4267 278 4350 1101,
309 4270 398 4336 θανά.
420 4272 474 4337 uti
492 4274 640 4354 proxime
664 4290 694 4337 a.
715 4268 774 4350 73,
800 4272 959 4336 Trioim.
981 4271 1072 4335 άννίν.
1098 4267 1140 4334 id
1160 4289 1192 4335 o.
1218 4266 1259 4333 13
1283 4268 1333 4333 tid.
1358 4267 1385 4332 1.

251 4375 306 4442 07.
328 4379 386 4444 Vel
408 4380 433 4444 si
458 4380 589 4446 velimus
610 4380 665 4446 has
688 4381 848 4464 opiniones
860 4378 1044 4458 concidere,
1058 4396 1225 4461 possumus
1241 4379 1346 4445 dicere
1362 4377 1447 4458 quod
1463 4375 1539 4441 haee

166 4486 300 4551 secunda
322 4486 507 4553 affirmativa
528 4490 689 4578 taumatia
706 4488 857 4572 procedat
878 4487 1231 4571 quoadpraeiudieiam
1254 4485 1464 4564 veri'domini,
1478 4485 1536 4549 uisi

165 4596 255 4658 actus
277 4592 320 4656 itii
343 4591 462 4659 tuerint
483 4597 563 4680 gesti
586 4614 660 4664 eum
683 4598 836 4680 ipsomet,
852 4594 925 4662 nor.
938 4611 1047 4660 eoram
1067 4594 1196 4661 θανναν.
1212 4598 1248 4661 de
1262 4594 1373 4661 θνανα.
1389 4595 1478 4658 decis.
1496 4591 1537 4656 17

167 4700 863 4788 monteioosaaepaalctam.

142 4855 145 4860 -
219 4861 224 4872 .
254 4808 435 4880 terrimo
459 4831 532 4882 vero
554 4815 659 4899 opinio
682 4815 825 4900 negativa
849 4814 946 4898 reeipi
970 4813 1066 4896 possit
1099 4816 1241 4895 respectu
1266 4811 1447 4895 praejudicii
1468 4809 1537 4891 ejus
