3734 5750
325 322 421 421 rm'
745 342 1251 414 suoovmaaruuuscr.

367 515 439 587 26.
463 513 500 580 Si
520 523 699 596 appareant
720 515 783 577 circo
811 513 967 578 rotundato
996 511 1136 586 divorso,
1160 512 1241 576 bcbct
1270 512 1349 575 utut
1379 511 1499 575 attendi
1527 510 1610 592 quot

518 624 674 686 nunorcm
695 619 897 684 mandatorio
919 620 1026 683 tribuit
1046 628 1234 700 potestatem

387 729 439 796 26.
464 730 499 798 Si
520 731 682 795 bimrsttos
702 727 930 793 nunbatornm
952 744 1018 790 non
1038 735 1178 807 respectu
1202 729 1390 808 quantitatir
1405 726 1456 791 scd
1470 734 1609 806 respectu

517 839 678 921 qualitatis
701 838 865 910 consistat,
889 842 1040 899 neutrum
1062 834 1149 899 cubet.

388 948 440 1012 27.
461 948 653 1012 Mandatum
683 947 719 1010 in
748 944 841 1008 bobio
871 951 913 1008 cst
945 943 1219 1024 interpretandum
1253 943 1297 1007 ati
1325 945 1467 1025 (avarem
1498 942 1610 1023 consti-

519 1056 642 1121 tuentis.

389 1161 440 1227 28.
466 1162 718 1227 Procuratorum
739 1179 817 1224 usus
837 1162 873 1224 in
895 1162 1038 1242 sanorem
1060 1159 1321 1224 constituentium
1343 1157 1492 1220 intinctus
1513 1154 1585 1235 sui.

324 1326 329 1335 ,
389 1270 439 1335 29.
466 1269 560 1336 Secus
581 1278 625 1333 ost
647 1271 682 1332 in
704 1268 856 1332 nuntiato
873 1267 1113 1347 iurisditionoii.

388 1375 439 1441 30.
464 1375 500 1441 Si
519 1377 659 1441 dubietas
687 1384 715 1439 ct
746 1374 934 1456 ambiquitos
963 1375 1110 1439 mandati
1140 1391 1205 1437 non
1232 1374 1329 1455 possit
1351 1389 1391 1435 cn
1411 1372 1524 1452 atiquo
1545 1370 1609 1431 cir·

518 1485 711 1548 sommantio
732 1483 905 1561 desiccari,
928 1484 1117 1547 mandatnm
1140 1492 1183 1547 ost
1204 1481 1477 1563 tutnprctanbum
1499 1488 1610 1542 contro

518 1594 732 1657 mundantem.

389 1703 440 1768 31.
465 1703 663 1768 Procurator
685 1709 790 1764 tannen
812 1699 895 1768 debet
916 1699 1041 1763 admitti
1063 1717 1137 1762 oum
1159 1699 1305 1762 contione
1326 1696 1363 1773 cic
1385 1704 1463 1761 roto.

388 1807 440 1873 32.
465 1809 556 1887 Quod
577 1826 643 1872 non
661 1808 837 1890 procederet
859 1808 888 1871 si
908 1808 1056 1873 dominus
1078 1814 1151 1871 esset
1172 1823 1329 1886 praesens

390 1915 440 1982 33.
470 1915 518 1981 Vei
538 1917 567 1979 si
588 1916 624 1979 dc
644 1916 797 1980 mandato
819 1916 1002 1980 nullatcnus
1024 1922 1187 1978 constaret.

389 2020 441 2089 36.
464 2021 566 2106 Neque
587 2026 621 2088 in
642 2025 683 2088 iis
704 2024 825 2089 casibus
846 2025 882 2112 in
905 2023 1018 2104 quibus
1039 2024 1219 2104 requiritur
1242 2021 1432 2085 mandatum
1454 2020 1590 2101 spscioic.

390 2128 441 2194 36.
467 2128 503 2196 Si
524 2140 643 2197 eertum
665 2133 706 2197 sit
727 2132 810 2214 quoti
824 2131 1015 2195 montiotum
1029 2147 1095 2194 nou
1110 2147 1141 2193 se
1154 2131 1301 2195 intentat
1317 2131 1360 2194 ati
1373 2137 1480 2193 actum
1495 2134 1612 2209 qustum

518 2255 578 2320 per
596 2247 854 2318 siracusanum,
876 2256 1005 2321 sequens
1026 2239 1194 2320 radicatio
1214 2239 1336 2303 domini
1356 2239 1405 2301 nii
1425 2246 1585 2319 operotur.

391 2344 442 2411 36.
467 2344 503 2412 st
522 2363 593 2410 osro
615 2347 655 2409 sit
676 2346 824 2421 dubium,
844 2363 904 2427 per
924 2354 1100 2428 toquentem
1120 2346 1243 2412 domini
1262 2348 1502 2429 ratificationcm
1524 2353 1614 2409 aetus

521 2452 747 2519 consolidatur.
1073 2518 1075 2523 .

392 2561 442 2627 37.
465 2559 644 2644 Ratibcatio
665 2560 753 2625 babet
775 2560 838 2624 oim
859 2562 1007 2626 nmnbati
1026 2564 1122 2627 ctiam
1143 2561 1198 2626 ubi
1219 2562 1396 2645 requiritur
1425 2561 1612 2625 mundatum

522 2670 660 2751 speciale

386 2773 444 2841 38.
469 2776 603 2844 Cautela
623 2776 740 2843 Bubali
764 2778 807 2840 iu·
827 2774 859 2841 1..
890 2777 973 2841 inter
1004 2794 1083 2858 quos
1112 2775 1136 2862 S
1164 2777 1263 2842 otium
1296 2796 1324 2841 n.
1356 2775 1379 2842 lt
1410 2778 1491 2842 tide
1513 2777 1614 2842 batua.

524 2885 626 2949 inieci.
647 2887 690 2949 oa
711 2885 939 2966 tmpebbnoan
969 2888 1205 2968 ratificationem
1234 2896 1391 2967 postorum
1419 2901 1479 2968 per
1499 2902 1616 2965 procu⁴

524 3001 670 3057 roborem.

394 3099 444 3167 33.
468 3100 602 3168 Cautela
623 3101 749 3183 quantu
767 3109 961 3183 procurator
981 3110 1068 3183 perot
1090 3103 1229 3184 aliquem
1251 3110 1359 3164 actum
1381 3102 1437 3181 qui
1452 3099 1557 3164 teniat
1572 3097 1614 3159 ad

520 3207 756 3292 praejudicium
786 3210 907 3274 bomini
936 3218 965 3274 et
996 3210 1154 3275 dubitetur
1183 3225 1228 3273 an
1256 3208 1446 3272 mandatum
1477 3208 1516 3270 sit
1536 3203 1611 3282 'tui-

522 3318 634 3399 isim

394 3420 446 3487 bo.
467 3423 541 3488 Atto
563 3424 686 3488 counio
706 3427 908 3506 ussiqnatur‚

395 3527 447 3594 t1.
472 3530 561 3609 (inas
582 3539 687 3596 tamm
706 3531 838 3612 puptttts
860 3550 925 3597 non
946 3533 1153 3615 praejudicat.

420 3768 591 3945 Quoniam
613 3860 715 3939 potest
743 3856 906 3937 uliqurudo
936 3859 1116 3941 contingere
1146 3858 1231 3938 quod
1260 3857 1440 3923 mmbstum
1471 3859 1681 3941 procuratoris

332 3963 372 4027 sit
393 3962 525 4027 dubium
553 3967 587 4028 ct
608 3964 808 4047 ambiguum,
831 3963 1078 4048 investigandum
1101 3966 1206 4059 ocusui
1221 3967 1378 4046 quomodo
1396 3965 1472 4030 illud
1497 3965 1626 4050 intelligi
1648 3971 1681 4029 et

331 4069 529 4151 interpretari
551 4070 668 4136 debeat.
740 4089 762 4113 ··

255 4235 267 4266 x
420 4171 447 4238 1.
468 4177 609 4243 Mauorti
629 4184 735 4245 nutem
757 4180 897 4245 dubietas
919 4181 966 4245 vel
988 4182 1176 4265 ambiguitas
1190 4187 1292 4266 potori
1313 4183 1420 4248 mattis
1442 4185 1542 4249 modis
1563 4185 1682 4250 coutin-

331 4299 422 4365 gere,
443 4286 481 4348 ut
500 4284 718 4352 animadvertit
741 4285 923 4369 speculator
950 4291 987 4352 in
1008 4292 1053 4353 tit.
1075 4289 1111 4370 tic
1131 4291 1324 4356 satisdation.
1345 4294 1381 4355 in
1404 4291 1490 4357 mbr.
1519 4302 1681 4375 procurat

330 4395 425 4450 octor.
446 4391 553 4470 quatit.
583 4393 729 4460 satitbar·
758 4395 862 4461 debeat
883 4414 916 4459 n.
939 4393 978 4470 3,
1003 4396 1094 4474 oon
1114 4400 1151 4460 in
1174 4397 1210 4462 L.
1231 4417 1297 4463 non
1328 4399 1430 4464 solum
1457 4399 1481 4486 S
1502 4403 1559 4484 qui
1580 4403 1683 4465 abiem

332 4510 363 4555 n.
385 4489 406 4554 3
427 4492 511 4575 ticio
529 4515 675 4578 procur„
693 4499 804 4584 tAnqet.
835 4501 919 4566 Aret.
940 4505 976 4566 in
998 4501 1093 4588 §sin
1124 4513 1231 4571 cutem
1258 4525 1318 4589 psr
1345 4519 1586 4589 procuratorem
1608 4529 1639 4574 n
1661 4508 1682 4571 6

331 4598 427 4662 instit.
448 4600 485 4663 dc
506 4604 645 4671 satisdat.
722 4641 726 4646 ·
827 4683 831 4692 ‚
953 4635 956 4650 ·
1041 4633 1045 4646 ·

418 4727 436 4765 a
458 4707 663 4793 Mandatum,
686 4716 794 4783 relicto
816 4718 939 4783 intiba
962 4721 1088 4784 nomina
1111 4724 1342 4804 procuratoris,
1357 4742 1418 4789 noo
1433 4726 1641 4810 suffragatur,
1655 4725 1682 4788 si

328 4835 346 4874 s
369 4832 540 4898 numquam
562 4818 667 4885 elbum
692 4824 753 4889 iuit
774 4826 949 4909 repletum,
974 4826 1044 4893 Rota
1065 4828 1154 4896 brois.
1180 4824 1242 4892 138
1263 4848 1295 4893 n.
1317 4828 1339 4893 6
1359 4841 1443 4912 part.
1468 4830 1508 4896 16
1533 4833 1657 4899 Recent.
