3734 5750
320 435 386 500 urs
756 431 956 499 uooovmr
981 434 1101 500 annu
1125 432 1271 502 rosor.
1386 410 1391 421 “

324 612 409 678 btur.
433 626 515 672 cous.
539 600 620 683 lat,
641 613 668 666 ct
694 601 812 683 Pbitt'p.
836 600 975 667 Fruucb.
998 605 1031 666 iu
1055 618 1123 685 cop.
1149 602 1163 666 1
1189 606 1224 668 bc
1241 623 1373 686 procur.
1405 596 1694 685 intervortam

321 721 399 785 dum
422 723 525 782 tamen
548 718 612 791 est,
634 710 719 791 quod
744 708 904 774 Oldrudus
927 711 970 775 ibi
994 712 1033 775 be
1048 713 1178 777 verbum
1194 712 1322 795 quidem
1337 713 1376 777 de
1392 713 1470 795 hoc,
1492 712 1632 780 Fruucb.
1654 717 1697 780 si-

318 826 437 891 militer
458 824 496 886 iu
515 822 620 903 princ.
643 819 671 882 ct
694 834 763 900 cop.
788 815 805 879 1
829 815 1056 884 nihilomnino
1079 821 1156 886 dicit
1179 822 1263 901 quod
1286 821 1379 887 saciat
1406 823 1445 887 ab
1479 825 1695 906 propositum:

320 938 418 1001 immo
443 933 474 995 in
496 926 519 1014 §
541 935 734 1011 procurator
755 945 785 990 u.
810 924 826 988 1
852 928 887 990 iu
909 930 962 1011 fin.
985 928 1062 994 dicit
1085 928 1169 1012 quod
1193 931 1369 1014 periculum
1392 937 1440 997 est
1460 934 1696 1010 substituentis,

315 1043 373 1111 'sed
397 1042 459 1123 ipse
482 1037 576 1102 babet
599 1051 776 1119 regressum
800 1039 907 1099 contro
930 1037 1149 1118 substitutum,
1170 1040 1255 1120 quod
1277 1041 1372 1106 etiam
1395 1043 1491 1107 sentit
1506 1042 1696 1108 Dominicus

320 1174 343 1221 o
362 1153 479 1221 Sancto
502 1144 691 1212 Geminiuuo
712 1145 749 1206 iu
766 1140 833 1228 b.§
853 1154 1046 1225 procurator
1069 1165 1100 1210 rt.
1123 1145 1145 1208 2
1166 1147 1198 1210 in
1221 1148 1281 1212 illis
1302 1149 1421 1227 verbm,
1436 1159 1463 1213 et
1479 1152 1523 1213 sic
1546 1152 1642 1213 etium
1659 1152 1694 1213 iu

320 1266 482 1350 intuitum
511 1272 599 1322 uuus
630 1254 723 1317 alteri
753 1252 926 1331 tenebitur,
947 1271 983 1317 ac
1013 1254 1109 1318 etiam
1142 1256 1224 1337 Lup.
1248 1260 1281 1320 tu
1304 1257 1392 1321 rubr.
1415 1266 1495 1320 eutr.
1526 1257 1562 1319 be
1587 1256 1696 1319 donat,

323 1377 406 1439 inter
420 1371 478 1434 uic.
494 1375 520 1431 ct
536 1359 658 1448 uuor§
675 1360 717 1427 30
740 1381 772 1425 u.
789 1358 828 1423 11
853 1361 884 1425 in
908 1362 968 1427 illis
990 1364 1100 1442 verbis,
1123 1367 1204 1429 tutu
1227 1368 1333 1447 ipsum
1356 1367 1467 1429 scilicet
1491 1366 1695 1429 subsicivium

324 1493 351 1547 ct
372 1485 632 1563 procuratorem,
653 1469 790 1535 uidelicet
821 1470 1057 1535 substituentem
1088 1474 1193 1536 orttur
1215 1476 1298 1538 ectio
1329 1475 1493 1552 mundati,
1525 1491 1590 1535 stou
1613 1472 1697 1532 irater

323 1592 428 1670 ipsum
451 1594 478 1648 ct
502 1582 689 1655 domiuum,
711 1583 744 1642 et
766 1576 840 1643 lacit
866 1578 941 1642 Teu.
963 1579 999 1641 iu
1022 1578 1058 1642 L.
1080 1580 1109 1643 si
1128 1582 1280 1645 manbote
1294 1583 1338 1645 od
1350 1584 1403 1665 flu.
1414 1580 1445 1665 ff
1456 1583 1492 1644 bc
1508 1598 1610 1661 nepos.
1625 1588 1696 1660 post.

412 1693 648 1760 «Procurator
678 1692 806 1752 tenetur
836 1687 875 1750 de
906 1685 988 1751 iacto
1019 1687 1203 1768 substituti,
1236 1688 1354 1754 Pubuu
1386 1689 1487 1770 Nepos
1514 1688 1604 1752 decis.
1631 1680 1697 1747 293

325 1827 343 1864 s
368 1822 400 1867 u.
426 1797 465 1862 16
488 1799 538 1861 lib.
561 1792 590 1860 3.

412 1928 430 1965 n
453 1906 592 1971 Eatenus
614 1918 806 1985 praeponens
827 1904 874 1966 vel
897 1909 1086 1986 procurator
1108 1906 1147 1970 de
1169 1905 1251 1971 lacto
1274 1906 1441 1988 praepositi
1465 1906 1512 1968 rel
1533 1899 1696 1969 substituti

326 2042 343 2080 c
369 2019 514 2090 tenetur,
536 2017 692 2092 quatenus
721 2010 897 2074 voluntarie
920 2011 951 2075 id
974 2017 1069 2095 agat,
1090 2013 1122 2075 in
1146 2014 1182 2077 iis
1212 2013 1398 2077 muneribus
1426 2030 1508 2094 quae
1531 2011 1569 2074 ad
1594 2010 1696 2091 ipsum

324 2147 341 2183 a
366 2125 608 2206 praeponentem
631 2118 678 2183 rel
700 2122 938 2201 procuratorem
962 2136 1073 2203 gerere
1095 2122 1271 2203 spectabat3
1294 2139 1383 2186 secus
1401 2126 1525 2197 autem,
1548 2120 1574 2183 si
1596 2118 1695 2199 depu-

322 2254 342 2292 α
367 2230 445 2296 tatio
467 2228 532 2292 sive
553 2225 738 2292 substitutio
759 2226 801 2290 sit
822 2226 903 2291 facta
924 2243 966 2291 ex
991 2230 1172 2294 necessitate
1195 2230 1288 2294 officii
1311 2231 1393 2294 circa
1423 2246 1458 2293 ea
1486 2245 1567 2309 quae
1590 2226 1629 2290 ab
1653 2226 1697 2288 in-

324 2363 342 2400 n
364 2336 536 2401 lerloribus
558 2330 708 2399 ministris
729 2332 911 2416 explicanda
933 2338 1026 2413 sunt,
1049 2354 1151 2417 neque
1173 2339 1324 2420 explicari
1352 2338 1465 2402 debent
1488 2337 1535 2401 rel
1568 2339 1698 2419 possunt

326 2473 342 2510 «
368 2465 426 2532 per
449 2446 551 2528 ipsum
573 2447 814 2525 procuratorem
831 2460 886 2507 seu
902 2449 1163 2525 praeponentem,
1181 2444 1277 2510 Casu.
1293 2447 1340 2512 Dc
1355 2447 1432 2511 Luc.
1446 2446 1483 2508 ‹te
1498 2441 1698 2525 repertoribus

327 2581 344 2620 c
369 2558 443 2622 bisc.
466 2551 510 2619 bb
532 2572 563 2617 u.
585 2550 615 2615 2.
700 2558 705 2579 ¹

413 2661 465 2727 28.
488 2663 551 2727 lste
573 2665 678 2725 autem
702 2659 911 2735 substitutus,
937 2664 1095 2742 acceptata
1128 2662 1372 2742 substitutione,
1394 2666 1498 2745 potest
1529 2661 1631 2725 tacere
1662 2676 1698 2722 ea

323 2775 427 2838 omnia
451 2784 532 2852 quae
553 2768 656 2832 lacere
677 2770 802 2850 poterat
822 2766 1032 2846 substituenS,
1056 2770 1131 2833 Put.
1153 2771 1245 2834 decis.
1267 2767 1332 2834 333
1355 2791 1387 2835 u.
1409 2766 1432 2833 l
1454 2771 1503 2834 lib.
1529 2768 1565 2845 1,
1590 2769 1697 2851 proin·

323 2880 425 2960 deque
439 2879 465 2943 si
480 2877 673 2942 substituens
694 2880 763 2940 erat
785 2877 977 2941 constitutus
998 2884 1187 2960 procurator
1208 2880 1246 2945 ab
1270 2898 1377 2946 musas
1398 2886 1501 2945 motas
1521 2884 1555 2946 et
1570 2894 1698 2943 mosen

323 2988 396 3064 das,
417 2984 610 3049 substitutus
631 3001 758 3064 quoque
780 2985 899 3065 poterit
919 2989 1134 3067 procuratoris
1155 2990 1292 3054 officium
1313 3007 1463 3053 exercere
1487 2995 1552 3054 tam
1577 2989 1608 3051 in
1631 2986 1696 3070 pri-

324 3115 394 3175 ma,
417 3111 512 3174 quam
537 3091 570 3155 in
591 3092 659 3157 aliis
679 3093 846 3173 innantils,
868 3091 940 3160 llos.
961 3097 1050 3160 beris.
1072 3094 1116 3159 62
1138 3099 1186 3163 tib.
1211 3095 1228 3160 1
1253 3109 1338 3180 port.
1359 3096 1380 3161 3
1402 3100 1511 3163 uuus.

413 3221 432 3262 s
457 3187 649 3265 Procurator
669 3200 859 3266 substitutus
874 3220 937 3267 non
950 3205 1052 3269 solum
1074 3207 1167 3271 debet
1188 3207 1301 3271 docere
1322 3208 1361 3272 de
1382 3208 1525 3291 legitimo
1547 3207 1697 3271 mandato

327 3327 524 3394 «procurae
545 3310 578 3374 in
599 3310 667 3392 ejus
697 3327 859 3392 personam
887 3310 989 3392 iacto,
1011 3314 1064 3378 secl
1086 3317 1181 3380 etiam
1213 3317 1298 3399 quod
1329 3317 1520 3383 substituens
1549 3317 1695 3399 potuerit

328 3444 345 3481 (ι
370 3421 459 3485 illum
481 3419 612 3501 dejure
633 3419 843 3499 substituere,
867 3419 1049 3502 Ridolpbin.
1072 3423 1106 3486 iu
1125 3441 1225 3504 prou.
1243 3436 1330 3506 port.
1355 3424 1372 3488 1
1397 3442 1465 3506 cup.
1488 3424 1509 3489 3
1532 3443 1563 3488 u.
1584 3419 1628 3487 17

416 3526 468 3592 29.
489 3529 555 3592 Nisi
575 3528 768 3592 substituens
788 3529 937 3593 concedat
966 3530 1137 3595 substituto
1165 3533 1331 3599 limitatam
1362 3534 1561 3599 facultatem:
1583 3530 1697 3597 substi-

326 3636 391 3701 tuti
421 3634 505 3699 enlm
536 3639 673 3717 potestas
703 3636 868 3718 spectanda
899 3641 948 3701 est
978 3655 1018 3701 ex
1051 3641 1263 3707 instrumento
1294 3643 1545 3718 substitutionis,
1567 3658 1628 3704 non
1658 3656 1697 3702 ox

325 3743 536 3809 instrumento
558 3743 794 3825 substituentis,
819 3743 889 3809 llot.
912 3745 1001 3810 decu.
1024 3743 1089 3811 670
1112 3769 1143 3814 rt.
1167 3747 1187 3811 6
1210 3750 1260 3814 lib.
1283 3747 1304 3812 3
1324 3760 1408 3832 port.
1432 3743 1453 3811 3
1475 3751 1587 3812 diuers.

415 3849 467 3917 30.
489 3853 613 3932 Quarto
636 3853 803 3933 quaeritur
826 3871 866 3917 an
888 3862 1082 3937 procuratur
1109 3856 1224 3923 babens
1247 3877 1264 3922 a
1287 3858 1496 3923 constituente
1517 3854 1697 3919 facultatem

326 3963 537 4030 substituendi
551 3964 607 4043 qui
623 3980 724 4027 unum
747 3962 911 4027 substituit
933 3964 1151 4031 substituendo
1173 3967 1329 4045 alterum,
1352 3968 1515 4029 censeatur
1539 3965 1701 4025 revocatus

327 4074 449 4155 primus
469 4091 527 4154 per
548 4072 719 4137 secundum
750 4071 972 4135 substitutum.
1003 4069 1153 4150 Quaestio
1184 4075 1241 4138 ista
1272 4069 1349 4137 duas
1371 4071 1466 4136 babet
1489 4068 1703 4151 inspectiones

327 4169 549 4247 minaeum
564 4195 620 4264 per
635 4180 891 4246 substitutionem
907 4180 1042 4262 primam
1065 4180 1107 4245 sit
1128 4187 1311 4263 consumpta
1336 4179 1466 4243 facultas
1482 4171 1702 4246 substituendi,

328 4306 409 4369 quae
430 4293 477 4354 est
498 4290 653 4370 explicata
676 4288 732 4351 boc
756 4289 819 4352 cod.
842 4305 911 4369 cup.
934 4290 970 4351 in
993 4281 1014 4350 3
1037 4300 1156 4370 quaest.
1179 4285 1318 4356 Secunda
1341 4295 1389 4353 est
1411 4287 1562 4369 inspectio
1583 4297 1625 4349 'an
1646 4299 1703 4364 per

329 4397 495 4461 secundam
517 4397 773 4463 substitutionem
796 4401 960 4460 censeatur
982 4403 1147 4462 revocatus
1167 4397 1289 4479 primus
1318 4396 1511 4461 substitutus
1533 4393 1565 4455 in
1589 4392 1628 4454 iis
1650 4405 1702 4451 ca·

329 4508 415 4572 sibus
434 4503 467 4570 in
491 4508 605 4586 quibus
625 4523 682 4589 per
709 4507 843 4588 primam
875 4504 1134 4569 substitutionem
1165 4523 1228 4568 non
1260 4504 1321 4569 luit
1351 4506 1537 4584 consumpta
1570 4496 1703 4562 facultas

328 4615 555 4694 substituendi,
577 4633 656 4697 quos
688 4613 856 4679 retulimus
877 4613 909 4676 in
932 4613 960 4675 d.
983 4608 1004 4673 3
1025 4621 1142 4694 quaest.
1173 4612 1208 4676 tu
1239 4613 1364 4675 limitat.
1394 4611 1436 4676 Et
1458 4610 1491 4672 in
1514 4607 1572 4670 bac
1596 4591 1701 4684 in'spe·

327 4727 433 4792 ctione
464 4725 534 4790 Ilot.
566 4725 653 4789 decis.
678 4721 739 4787 121
764 4730 909 4807 quaeest
932 4716 1219 4801 torpescente
1241 4737 1311 4783 που.
1341 4718 1441 4796 dixit,
1467 4714 1552 4796 qnod
1574 4729 1630 4795 per
1654 4708 1706 4772 cli·

328 4845 413 4903 ctam
434 4835 600 4901 suundam
631 4833 887 4898 substitutionem
920 4827 1115 4911 intelligatur
1145 4834 1309 4892 revocatus
1342 4827 1463 4910 primus
1492 4820 1707 4890 substitutus,

327 4947 401 5015 licet
424 4947 456 5009 in
478 4945 579 5028 prima
601 4939 825 5008 substitutione
853 4942 1043 5020 procurator
1072 4937 1170 5001 tuerit
1198 4953 1344 5019 expresse
1374 4921 1706 5016 protestatus‚t1uod
