3734 5750
302 349 369 417 ott
729 348 929 420 LUDOVlCl
952 350 1074 420 CENCl
1097 351 1243 422 TRAGT.

369 518 420 586 39.
446 522 624 602 Praecipue
647 522 675 585 si
696 523 785 586 iiiios
807 524 931 587 intersit
954 541 993 586 ne
1013 533 1209 604 procurator
1231 535 1400 590 revocetur.

367 623 421 694 di).
444 630 487 694 Et
511 631 585 693 tatis
606 647 778 694 consensus
801 632 979 714 requiritur
1000 632 1055 696 udi
1077 635 1173 697 etiam
1196 635 1371 698 consentiet
1393 643 1590 715 procurator.

368 735 422 803 41.
447 740 517 806 Non
539 749 582 804 est
605 749 711 804 tomen
734 741 932 804 necessarius
954 756 1141 822 expressus,
1165 741 1217 805 sed
1239 742 1351 824 sufficit
1373 744 1498 807 temtus.

368 844 420 912 tu
446 846 483 913 Si
504 849 658 912 revocatio
678 849 734 931 fiat
756 849 942 913 adversario
964 850 1197 915 contradicente
1211 859 1240 913 et
1254 851 1290 913 in
1312 849 1380 930 ejus
1399 849 1564 933 fraudem,
1581 849 1609 912 ei

502 973 568 1019 non
591 965 688 1021 nocet.

368 1059 421 1128 43.
447 1062 544 1129 Serus
566 1073 673 1129 tamen
690 1074 733 1129 cst
757 1066 784 1128 si
803 1074 873 1145 post
889 1063 954 1129 litis
971 1068 1225 1132 contestationem
1246 1076 1384 1150 enterpat
1393 1066 1485 1147 justo
1500 1086 1607 1132 consa

367 1169 421 1237 44.
443 1172 489 1237 Ac
511 1174 603 1238 ctiam
628 1173 683 1237 ubi
703 1183 899 1254 procurator
921 1192 942 1238 a
965 1183 1070 1240 tutore
1094 1176 1141 1239 oei
1162 1183 1311 1239 curatore
1330 1176 1394 1258 [uit
1411 1176 1609 1239 constitutus.

368 1277 421 1346 its.
446 1282 575 1360 Quoties
590 1301 646 1346 nec
659 1298 738 1363 pars
753 1283 888 1347 adverso
912 1301 970 1347 nec
988 1291 1184 1364 procurator
1205 1285 1397 1348 reoocationi
1411 1282 1608 1357 contradicit,

501 1390 559 1453 iiio
584 1390 664 1453 vaiet
686 1391 780 1454 etiam
803 1393 892 1472 sacta
913 1401 983 1472 post
1006 1391 1093 1456 litem
1116 1400 1329 1457 contestatam.

366 1489 419 1559 46.
444 1494 481 1560 Si
504 1498 662 1561 revocatio
682 1499 738 1580 fiat
762 1516 802 1561 em
825 1498 979 1579 abrupto,
995 1518 1051 1563 nce
1067 1500 1111 1563 od
1132 1501 1279 1565 notitiam
1299 1502 1407 1582 portis
1427 1501 1475 1565 oei
1489 1500 1611 1581 judicis

498 1608 681 1687 perveniet,
707 1617 750 1671 est
774 1608 926 1671 inooiida

369 1708 423 1778 47.
448 1713 503 1778 oti
534 1725 727 1796 procurator
758 1716 805 1780 cei
835 1718 1042 1782 aduersarius
1063 1718 1112 1782 iiii
1140 1720 1256 1783 resistit
1286 1719 1392 1784 adduc
1421 1718 1515 1781 tacite
1543 1716 1613 1799 pieri

502 1832 609 1905 potest.

369 1928 423 1996 48.
446 1931 484 1997 m
507 1935 536 1996 si
556 1933 785 2017 dominusper
805 1952 836 1998 se
859 1936 967 2015 ipsum
990 1951 1122 1999 causam
1145 1942 1282 2000 tractore
1304 1934 1447 2014 incipiat.

368 2036 421 2105 iti.
451 2040 501 2104 Vei
523 2042 631 2124 atiquo
655 2060 696 2107 esc
718 2042 819 2106 modis
841 2042 957 2125 quidus
978 2045 1072 2108 tacite
1095 2051 1262 2106 reoocatur
1284 2041 1484 2104 mandatum.

369 2149 421 2213 tto.
445 2149 549 2214 Immo
569 2152 662 2234 pinita
682 2169 741 2232 per
763 2153 951 2216 sententiam
971 2151 1081 2232 prima
1105 2151 1282 2229 instantio,
1303 2156 1400 2230 potest
1422 2146 1493 2229 fleri
1515 2144 1611 2209 etiam

502 2275 655 2338 expresse.

369 2363 420 2428 51.
447 2366 647 2431 Procurator
670 2368 812 2447 perlitis
842 2368 1100 2431 contestationem
1130 2368 1263 2450 efficitur
1285 2365 1435 2430 dominus
1465 2362 1531 2426 ditis
1561 2376 1612 2423 re·

502 2484 609 2556 spectu
632 2477 804 2541 instantiae
827 2495 893 2540 non
916 2494 989 2541 cero
1013 2494 1136 2542 causae.

371 2582 422 2648 tu.
448 2586 576 2663 Quoties
606 2586 758 2650 dominus
785 2594 885 2667 potest
915 2596 1158 2667 procuratorem
1189 2599 1357 2661 reuocare,
1378 2580 1461 2645 debet
1486 2578 1613 2641 ciantc

504 2696 734 2759 revocationem
766 2695 888 2777 reficere
920 2710 1075 2776 tapenms
1105 2694 1146 2758 at
1166 2696 1235 2774 ipso
1258 2694 1293 2756 in
1315 2705 1414 2754 causo
1437 2688 1561 2769 factas,
1583 2690 1611 2746 et

502 2803 618 2868 soioere
642 2804 809 2867 salarium.

372 2908 422 2976 53.
447 2910 516 2976 Nisi
537 2930 578 2977 esc
596 2911 688 2992 justo
712 2929 812 2976 causa
834 2928 856 2975 o
878 2912 963 2976 dicta
987 2912 1143 2976 solutione
1164 2918 1342 2975 excusetur.

370 3015 421 3085 st.
445 3022 584 3086 Domino
600 3038 665 3086 non
681 3021 779 3085 datur
794 3030 905 3085 contra
918 3029 1161 3101 procuratorem
1175 3020 1258 3083 aetio
1272 3014 1428 3091 mandati,
1437 3013 1503 3077 nisi
1516 3012 1610 3092 prius

501 3131 622 3212 refectis
644 3130 798 3210 expensis.

370 3238 422 3303 st.
446 3238 490 3303 Et
511 3239 719 3319 procuratori
734 3237 832 3301 datur
847 3239 979 3304 retentio
1003 3239 1255 3319 scripturorum,
1270 3235 1560 3298 instrumentorum
1584 3229 1611 3286 st

500 3363 665 3428 processus
683 3348 857 3428 predictis
882 3348 1139 3428 expensis31icet
1162 3361 1250 3409 secus
1272 3343 1310 3407 sit
1332 3356 1393 3422 pro
1414 3335 1543 3401 catorio.

370 3451 421 3518 56.
447 3454 552 3533 Quom
578 3457 784 3519 retentionem
805 3463 903 3536 potest
924 3456 1076 3518 dominus
1096 3452 1249 3533 impedire
1269 3451 1298 3514 si
1319 3447 1432 3529 offerat
1455 3460 1487 3508 sc
1507 3454 1610 3522 paro·

503 3572 573 3627 tum
596 3563 639 3626 od
659 3564 841 3628 soluendum
864 3566 952 3646 ipsas
973 3579 1137 3644 expensas.

372 3672 422 3737 57.
446 3672 502 3737 iiii
522 3681 717 3754 procurator
747 3691 813 3736 non
845 3674 926 3738 vaiet
956 3674 1099 3737 revocari
1120 3687 1141 3733 a
1163 3667 1353 3743 mandante,
1376 3679 1432 3726 nte
1451 3663 1550 3741 toleti
1572 3651 1611 3715 αὖ

502 3781 570 3862 ejus
591 3780 786 3846 haeredibus.

371 3885 423 3953 58.
448 3887 586 3967 Quando
606 3890 830 3970 procuratoris
853 3889 1009 3952 revocatio
1031 3895 1075 3950 est
1094 3887 1260 3967 pennino,
1282 3884 1311 3947 si
1331 3881 1369 3944 de
1389 3895 1427 3942 co
1448 3874 1611 3939 dubitetur

499 4006 599 4080 potest
618 3998 752 4080 probari
771 4015 832 4079 per
854 4005 961 4076 testes,
983 3997 1065 4060 sicut
1088 3995 1177 4060 iliius
1199 3993 1387 4058 constitutio.

371 4102 423 4171 59.
452 4107 503 4171 Vei
524 4107 598 4172 aliis
629 4106 729 4170 modis
759 4105 875 4188 quidus
904 4105 1049 4169 similiter
1075 4103 1299 4184 procuratoris
1324 4098 1505 4164 constitutio
1534 4107 1611 4173 pto

504 4212 606 4277 datur.

371 4318 423 4384 60.
448 4320 553 4385 Immo
576 4321 672 4385 etiarn
694 4338 751 4403 per
772 4324 908 4385 unicum
932 4328 1037 4385 testem
1053 4320 1168 4400 juncto
1185 4319 1381 4401 juramento.

392 4537 440 4688 F
445 4625 494 4690 uit
516 4626 547 4690 in
571 4624 768 4708 praecedenti
791 4626 893 4708 capite
916 4626 1039 4694 firmato
1063 4623 1235 4712 oooeiosio‘„
1257 4627 1340 4706 qaod
1365 4625 1467 4706 isqui
1491 4623 1678 4706 procursio

304 4751 371 4800 rem
387 4734 562 4812 constituit,
575 4733 673 4817 possit
688 4733 776 4798 illum
799 4752 857 4799 sno
881 4736 1014 4801 arbitrio
1030 4753 1185 4815 sermore,
1200 4735 1285 4817 quod
1307 4738 1379 4799 esst
1402 4733 1434 4797 in
1457 4732 1560 4815 prime
1574 4730 1678 4811 ineps

302 4840 407 4920 ctione
421 4839 669 4906 discutiendum:
684 4844 828 4922 mqoitor
845 4850 881 4909 ut
896 4844 1063 4911 mandem
1088 4845 1301 4922 absolvemus3
1325 4844 1357 4907 in
1371 4859 1433 4924 que
1453 4840 1575 4920 sliquos
1588 4854 1680 4904 ossus
