3734 5750
525 388 579 455 DE
602 382 984 455 unowanmntllus.
1007 389 1095 456 CXP.
1118 388 1250 458 xxvii.
1507 402 1568 469 129

300 552 330 619 2.
350 552 532 637 Negotium
555 556 659 636 umen
674 552 858 617 seutentmm
875 558 1034 635 umquam
1050 570 1247 622 communem
1269 566 1302 625 et
1325 567 1475 630 veriorem
1502 588 1569 632 arna

209 652 712 748 66116661166666666638
734 663 769 723 16
789 663 882 741 prta.
904 662 974 725 666.
997 658 1107 741 1161,
1132 662 1208 729 Cela.
1231 664 1313 746 ma.
1336 687 1417 734 cons.
1441 670 1563 738 6161

209 788 284 835 uere.
307 781 336 834 et
358 771 414 834 ltoc
438 771 549 846 etium,
573 766 749 849 66616666.
784 769 934 832 liminio
963 787 1046 834 eoos.
1077 768 1120 834 93
1150 792 1182 835 6.
1204 770 1243 850 3,
1268 774 1397 839 166166.
1419 797 1500 844 eoos.
1524 780 1566 844 66

210 874 376 942 62316.
399 876 438 955 6,
463 875 694 958 cophelenci.
719 873 835 939 1766.
858 870 1027 957 16162,
1051 877 1273 945 6661666666.
1296 878 1339 944 28
1361 882 1565 965 6131161,

209 979 476 1048 1666666692
499 981 683 1061 631161.
713 976 1368 1065 6666166.2116.1,116616.“666.
1397 1013 1479 1059 eona
1501 993 1563 1059 381

209 1114 241 1156 6.
264 1090 308 1157 96
331 1094 381 1157 16.
403 1088 475 1156 161
498 1110 578 1156 eoae.
600 1088 664 1155 626
687 1111 719 1155 6.
741 1089 832 1156 2116.
856 1093 895 1169 6,
927 1093 1015 1158 Vaut.
1038 1090 1198 1160 de'ootltt.
1220 1100 1322 1163 16111.
1344 1101 1381 1164 de
1403 1103 1566 1167 nullit'ex

206 1201 314 1282 defeat.
345 1200 498 1264 16666116.
529 1218 582 1263 reu
613 1199 753 1263 666661.
783 1219 814 1263 6.
844 1198 907 1279 71,
941 1200 1035 1267 Sorai
1064 1205 1151 1268 6666.
1181 1202 1242 1268 281
1277 1226 1308 1271 6.
1339 1206 1378 1285 3,
1418 1211 1564 1275 6166611.

205 1305 501 1373 6616161629
521 1308 570 1371 tio.
593 1306 631 1384 2,
655 1305 746 1371 noer.
777 1308 867 1371 66616.
897 1307 961 1377 281
995 1330 1026 1374 6.
1058 1308 1078 1373 3
1110 1321 1137 1375 et
1159 1307 1199 1390 1,
1222 1313 1352 1379 Montio.
1374 1318 1412 1379 66
1432 1320 1515 1382 tacit.
1538 1330 1565 1383 et

205 1418 319 1499 omiip.
339 1426 474 1482 6666661.
497 1416 545 1479 16.
567 1415 589 1478 7
612 1419 657 1480 tit.
679 1410 755 1479 16.
778 1412 816 1494 6,
840 1416 910 1482 liet.
933 1436 995 1482 cor.
1019 1417 1468 1487 cneocaesaream
1488 1445 1519 1488 6.
1535 1423 1563 1486 6.

294 1524 323 1589 3.
346 1526 433 1591 Licet
454 1524 632 1609 hujusmodi
655 1524 853 1590 denunciatio
874 1530 961 1590 66661-
977 1526 1055 1590 laem
1078 1526 1108 1589 16
1130 1527 1339 1593 momumento
1360 1532 1507 1611 antiqno,
1529 1536 1565 1595 ut
1698 1550 1702 1559 “

206 1632 343 1697 dicemus
365 1633 443 1697 iulra
458 1651 526 1714 cop.
544 1630 662 1711 XXX,
685 1632 875 1697 66666666
896 1650 940 1696 on
961 1637 1245 1715 praematurae
1267 1641 1414 1719 temporis
1436 1641 1562 1705 diutur-

207 1741 335 1803 nitatem
358 1740 390 1804 16
411 1735 457 1803 86
480 1741 673 1803 limitatione.

290 1844 321 1912 1.
343 1847 493 1927 Quamvis
514 1849 655 1912 notarius
675 1848 810 1926 diceret,
826 1853 863 1913 ut
876 1849 915 1913 de
930 1850 985 1914 tali
1003 1850 1148 1916 mandato
1167 1858 1289 1919 constat
1303 1872 1359 1935 per
1375 1856 1563 1922 instrumen

205 1963 274 2024 tum
297 1961 444 2040 rogatum
466 1972 523 2038 per
544 1974 595 2020 me
617 1958 775 2022 notarium
797 1960 873 2036 ete,
899 1955 1003 2022 Secia.
1028 1956 1099 2023 Sea.
1119 1957 1290 2023 66661666
1312 1963 1369 2025 aul
1391 1982 1422 2026 6.
1445 1961 1467 2024 1
1486 1980 1562 2026 cers.

205 2084 261 2129 uec
291 2065 390 2129 66661
421 2064 503 2146 qood
532 2072 592 2127 tea.
623 2074 651 2128 ot
684 2062 755 2129 Mt.
783 2065 833 2129 16.
864 2063 904 2142 2,
934 2080 1028 2146 quem
1060 2064 1158 2131 relert
1179 2072 1212 2131 et
1239 2069 1383 2149 requitur
1417 2067 1511 2133 Sord.
1532 2070 1561 2135 6.

201 2176 295 2238 decis.
318 2169 436 2235 2316.
458 2154 578 2235 36661.
602 2160 653 2235 sed
675 2173 770 2235 eliam
793 2172 820 2235 ri
840 2173 941 2250 61661,
966 2170 1165 2237 16616166.
1185 2191 1269 2238 cont.
1291 2171 1335 2238 93
1356 2174 1413 2239 rui
1429 2193 1460 2238 6
1475 2170 1560 2253 3,66

201 2281 326 2344 ratione
335 2280 431 2360 ,quia
452 2282 528 2342 tunc
550 2278 691 2342 notariae
711 2278 880 2359 deponeret
901 2283 1061 2359 umquam
1083 2281 1186 2357 mon,
1201 2283 1371 2348 undecum
1386 2284 1427 2349 sit
1447 2285 1559 2351 unione
1583 2260 1586 2269 ¹

202 2395 234 2454 et
256 2406 332 2453 666
339 2389 464 2469 juratus
484 2403 557 2450 666
568 2387 696 2469 probat,
720 2385 755 2448 l
776 2387 929 2449 1166666
950 2387 1141 2451 detectione.

291 2493 320 2557 6
342 2480 386 2558 nt
400 2493 500 2557 multo
514 2493 618 2557 611666
632 2492 670 2556 ad
685 2493 912 2575 praejudicium
927 2494 1014 2557 tertii
1016 2493 1237 2574 ,16666166
1250 2495 1382 2576 Berojut
1397 2448 1559 2561 6666166

203 2624 235 2669 6.
256 2600 299 2666 29
320 2601 368 2665 16.
393 2599 429 2679 1,
452 2600 547 2665 Burs.
570 2617 652 2663 6666.
676 2597 740 2662 too
763 2620 794 2662 6.
817 2598 859 2662 81
872 2602 958 2680 ‚qui
981 2600 1117 2669 tentatur
1137 2601 1191 2664 de'
1197 2603 1355 2665 communi
1378 2602 1426 2666 16.
1449 2601 1478 2665 2

289 2705 318 2771 6.
339 2650 505 2772 Caeterum
528 2707 553 2770 ai
577 2705 708 2770 16116666
728 2704 845 2771 aalvme
867 2649 944 2771 {aaa
967 2706 1087 2773 dictum
1105 2707 1317 2789 8666616666
1332 2724 1490 2791 possemus
1511 2711 1558 2775 di-

201 2828 290 2892 cere,
311 2813 394 2895 quod
415 2812 561 2897 procedat
582 2797 724 2894 rmpeotu
748 2814 887 2896 partium
917 2813 1191 2894 contrahentium,
1213 2816 1295 2882 iuter
1324 2820 1402 2899 quis
1430 2822 1559 2885 aeremia

201 2922 318 2986 notarii
338 2939 370 2987 oe
390 2922 502 2987 vidisse
523 2926 556 2986 et
577 2921 686 3004 legisse
708 2917 891 2986 6166661661
911 2924 1041 3004 probat,
1065 2928 1097 2987 et
1119 2922 1164 2988 ita
1177 2924 1314 2990 declarat
1328 2925 1417 2992 Alaea
1431 2941 1514 2994 coar
1537 2930 1561 2993 6

204 3049 235 3093 6.
258 3027 349 3094 7116.
369 3024 408 3108 1,
432 3029 544 3108 lidae,
566 3030 621 3109 qui
644 3032 761 3094 tantane
781 3027 825 3094 de'
842 3029 1130 3110 (66661661,111661
1152 3031 1559 3115 murmurmurmur

202 3135 268 3201 166
290 3158 320 3202 6.
344 3136 507 3204 821162
627 3176 631 3186 -
1021 3173 1026 3184 ·

289 3244 319 3309 7
340 3245 413 3325 Quo
435 3261 510 3311 vero
531 3246 569 3310 ad
591 3245 667 3311 allon
686 3241 746 3310 non
776 3245 850 3311 lacit
878 3248 1124 3330 probationem
1115 3267 1147 3313 in
1172 3267 1283 3315 eorum
1312 3252 1555 3335 praeiudicium,

201 3372 273 3419 nam
294 3349 483 3439 regulariter
506 3343 596 3419 veron
616 3356 810 3419 enunciatira
834 3357 928 3421 tertio
951 3374 1012 3421 uon
1026 3358 1256 3440 praejudicant,
1274 3360 1398 3425 Paulae
1411 3380 1433 3425 a
1449 3362 1558 3428 Manto

202 3465 280 3530 Pico
301 3483 383 3530 6666.
406 3462 449 3530 97
471 3484 502 3530 6.
527 3463 585 3542 12,
608 3461 727 3529 nomio.
752 3459 827 3528 166
848 3483 930 3529 cone.
954 3462 1018 3529 678
1040 3484 1072 3529 6.
1090 3464 1226 3544 11166,
1242 3467 1555 3534 neronianam

202 3570 430 3657 offlam

289 3678 318 3746 8.
339 3681 406 3747 Hoc
428 3687 532 3747 tamen
553 3661 702 3744 ultimum
725 3665 846 3745 dicluin
869 3679 908 3745 de
929 3681 1117 3764 praejudicio
1140 3682 1226 3746 tertii
1246 3681 1337 3745 debet
1350 3680 1499 3745 declarari
1516 3686 1552 3745 ut

198 3790 347 3874 procedat
368 3791 400 3855 in
423 3789 510 3872 gravi
530 3792 564 3853 et
585 3805 698 3871 magno
719 3788 925 3870 praejudicio,
940 3807 1028 3855 secus
1043 3791 1076 3854 iu
1088 3789 1148 3853 levi
1162 3795 1195 3855 et
1209 3789 1350 3867 modico,
1366 3793 1403 3852 ut
1417 3787 1552 3851 declarat

198 3900 270 3978 post
290 3897 382 3976 alios,
406 3895 499 3962 Grac.
521 3897 558 3959 de
581 3897 677 3978 antiq.
700 3905 826 3977 tempor.
845 3907 930 3978 part.
955 3896 972 3959 1
998 3894 1021 3982 ς
1044 3893 1551 3978 6661161666.16666.,616

196 3999 309 4088 §otto
330 4004 365 4067 de
388 4005 479 4085 [6666
501 4022 533 4067 6.
555 4000 616 4076 21,
639 4002 838 4067 16666666
864 4001 924 4067 161
950 4002 1118 4068 693116.
1141 4003 1171 4067 2.

287 4109 317 4176 9.
340 4111 480 4178 Secundo
508 4110 702 4190 declaratur,
724 4111 901 4191 quodlicet
928 4111 1029 4193 quoad
1054 4112 1163 4177 tertios
1184 4111 1266 4175 dicta
1289 4110 1418 4173 aarertio
1438 4108 1550 4173 notarii

195 4239 259 4285 non
279 4221 372 4286 lecim
394 4222 513 4303 plenam
537 4219 767 4302 probationem,
789 4219 881 4285 iaciat
902 4223 1006 4285 tamen
1027 4220 1310 4302 praesumptionem
1325 4216 1364 4282 de
1384 4218 1547 4282 existentia

195 4330 353 4409 mandati,
375 4330 533 4395 lllorcudr.
555 4347 636 4392 cone
659 4325 703 4392 32
722 4331 764 4390 ’6.
790 4324 854 4391 118
883 4337 912 4390 rt
944 4347 974 4391 6.
1000 4323 1080 4403 116,
1112 4325 1341 4408 0666616666.
1365 4322 1429 4388 297
1451 4343 1484 4388 6.
1509 4322 1549 4386 16

194 4445 223 4501 et
243 4454 303 4519 aeq.
328 4436 377 4500 116.
400 4431 439 4510 2,
464 4435 593 4500 Monte.
622 4435 659 4498 de
688 4435 821 4500 latitet
852 4433 963 4515 66616
995 4436 1185 4498 conventior.
1216 4431 1265 4495 116.
1295 4431 1316 4492 7
1346 4434 1391 4496 tit.
1412 4429 1435 4497 1
1456 4451 1487 4496 6.
1507 4428 1547 4508 8,

196 4544 265 4610 not.
288 4563 350 4609 eor.
374 4544 523 4626 Greqorio
549 4541 804 4608 1766616276
827 4563 858 4607 6.
881 4542 919 4621 6,
952 4552 978 4607 et
1009 4544 1043 4604 16
1069 4542 1242 4605 Recentior.
1271 4539 1358 4603 decia
1385 4536 1450 4602 663
1472 4558 1503 4603 6.
1526 4535 1547 4600 3

191 4659 277 4731 port.
300 4649 339 4729 1,
362 4661 391 4716 et
414 4652 502 4716 decia
523 4645 589 4713 oto
611 4668 643 4713 6.
665 4648 686 4711 6
708 4652 742 4714 16
763 4651 816 4733 lio.
829 4655 914 4733 part.
930 4648 969 4729 2,
986 4648 1131 4715 Gratiam
1146 4648 1383 4731 disceptatorem.
1398 4666 1466 4730 copo
1479 4645 1545 4709 737

194 4783 227 4826 6.
248 4760 291 4825 26
315 4770 342 4824 et
365 4780 443 4843 seqq.

284 4888 302 4927 a
327 4867 464 4932 166616
485 4867 599 4930 notarii
622 4866 752 4932 dicentis
774 4872 919 4950 rogatum
942 4882 1008 4930 esee
1031 4865 1210 4932 mandatum
1234 4883 1289 4947 per
1313 4869 1380 4930 nota
1409 4864 1477 4940 sui,
1500 4862 1545 4925 16-

1311 4970 1351 5032 17
