3734 5750
413 518 417 525 v
512 419 566 488 ns
590 418 972 488 ruoonanmmsns.
993 420 1081 489 aar.
1107 426 1173 489 xv.
1476 427 1519 496 aa

256 593 285 656 7.
307 594 447 676 Excepto
470 598 572 657 umen
596 596 799 673 procuratore
820 590 974 655 amietatis
995 591 1098 666 lesus,
1120 591 1230 668 quiex
1246 594 1368 671 speciali
1390 597 1520 679 disposi-

168 701 252 763 tione
274 706 322 765 est
340 705 527 782 procurator
549 691 744 781 singulorum
773 697 975 780 collegiorum
1003 695 1103 761 dictae
1132 698 1305 773 societatis,
1337 701 1405 766 But.
1432 707 1520 772 decis.

166 805 228 871 aot
254 829 287 872 n.
308 806 331 869 2
350 817 434 890 port.
455 807 477 868 2
500 808 621 872 licceat.

254 913 285 980 8.
309 916 368 982 Sed
393 915 557 979 difficultas
587 919 729 978 versatur
758 914 881 994 quando
913 913 985 977 huic
1016 912 1131 977 dodico
1163 910 1224 977 luit
1249 914 1288 977 ab
1318 916 1519 984 universitate

164 1023 238 1088 data
253 1025 392 1089 ‘facultas
414 1030 448 1088 et
468 1027 601 1106 potestas
621 1022 776 1104 obligandi
797 1040 858 1085 non
874 1021 974 1085 solum
990 1037 1039 1084 res
1053 1025 1085 1084 et
1099 1022 1177 1084 bona
1193 1020 1287 1101 ipsius
1302 1023 1520 1104 universitatis,

162 1133 217 1197 sed
242 1135 341 1200 etiarn
364 1135 443 1197 bona
466 1137 498 1197 et
520 1149 663 1214 personas
683 1131 890 1213 singularium
912 1146 1113 1211 personarum
1136 1129 1270 1209 eiusdem
1295 1132 1519 1211 universitatis,

162 1257 204 1302 an
227 1241 367 1304 sindicus
387 1241 444 1305 sub
466 1238 524 1302 boc
553 1237 697 1302 mandato
727 1239 823 1319 possit
851 1237 990 1318 obligare
1019 1236 1189 1318 singulares
1210 1255 1354 1318 personas
1383 1242 1519 1323 eiusdem

163 1349 399 1423 universitatis,
419 1365 477 1428 pro
499 1328 587 1428 cujus
609 1345 796 1409 resolutione
818 1345 938 1423 aliquot
959 1361 1047 1407 casus
1067 1348 1142 1406 sunt
1164 1343 1381 1410 considerandi.

260 1459 383 1521 Primus
403 1461 449 1520 ast
470 1454 593 1536 quando
616 1453 799 1517 universitas
822 1454 852 1516 in
875 1452 1093 1533 procuratorio
1107 1450 1194 1515 dedit
1213 1451 1391 1517 facultatem
1406 1456 1521 1521 sindico
1656 1448 1657 1451 '

160 1566 323 1649 obligandi
344 1583 436 1629 unam
457 1563 504 1627 vel
526 1563 657 1627 alteram
679 1579 841 1643 personam
864 1559 1102 1642 particularem,
1117 1557 1183 1621 illas
1197 1558 1332 1639 propriis
1344 1561 1520 1626 nominibus

161 1671 388 1753 exprimend03
410 1674 442 1736 in
463 1688 527 1753 quo
548 1687 620 1734 vera
642 1672 691 1732 est
711 1668 866 1732 conclusio
889 1668 1047 1749 negativa,
1070 1666 1127 1730 nisi
1157 1664 1225 1728 illae
1254 1682 1402 1746 personae
1422 1672 1521 1749 parti·

161 1775 287 1842 eulares
307 1778 488 1861 obligationi
511 1777 720 1853 consentiant,
741 1780 790 1840 est
810 1778 905 1851 bona,
928 1774 1023 1839 Gloss.
1045 1778 1081 1837 io
1104 1774 1137 1838 L.
1170 1772 1191 1834 2
1222 1775 1258 1836 iu
1290 1773 1385 1839 Gtoss.
1416 1794 1519 1858 moga.

162 1883 253 1945 circe
268 1885 345 1948 med.
367 1903 444 1949 aera.
467 1886 542 1947 item
563 1893 592 1947 et
613 1882 656 1946 od
669 1884 725 1946 boo
739 1892 775 1947 ut
789 1885 979 1947 summutas
1002 1883 1065 1945 cod.
1079 1898 1159 1963 quoe
1173 1883 1214 1943 sit
1228 1872 1309 1961 long}
1324 1888 1521 1959 consuetud,

159 1996 193 2058 et
207 1994 387 2058 multorum
410 1992 598 2056 anctoritate
619 1991 781 2056 confirmat
804 1990 890 2055 Alcas.
918 1990 1117 2070 Treutociuq.
1140 1991 1259 2051 weida
1281 1991 1404 2053 resolut.
1427 1991 1477 2054 lib.
1502 1990 1518 2053 1

159 2084 194 2161 iu
218 2102 269 2163 tit.
293 2100 377 2182 quod
399 2100 518 2181 cujusq.
538 2100 673 2162 unicus.
695 2101 814 2162 nomio.
835 2100 960 2163 resolut.
982 2096 1004 2158 2
1027 2117 1058 2160 u.
1084 2095 1110 2159 1.

251 2203 284 2268 9.
307 2206 466 2270 Secundus
486 2224 573 2270 casus
593 2210 657 2282 est,
679 2206 802 2286 quando
824 2207 855 2269 in
877 2206 1096 2288 procuratorio
1110 2204 1204 2269 datur
1219 2205 1348 2271 facultas
1362 2208 1518 2291 obligandi

159 2310 260 2374 etiam
286 2328 431 2392 personas
451 2313 621 2395 singulares
643 2313 853 2376 universitatis
874 2331 934 2376 non
957 2313 1109 2393 expressis
1130 2313 1306 2392 aliquorum
1329 2318 1518 2393 nominibus,

161 2415 212 2478 sed
240 2415 402 2481 indefinite
423 2421 456 2481 et
479 2418 672 2494 indistinete,
694 2424 727 2482 et
748 2437 855 2482 sumus
876 2420 907 2481 in
929 2420 1129 2483 universitate
1160 2431 1396 2504 recognoscente
1427 2444 1519 2509 supe-

162 2524 299 2600 riorem,
322 2525 354 2586 in
376 2540 439 2603 quo
461 2530 508 2589 est
538 2526 682 2589 similiter
712 2525 926 2590 constituenda
959 2525 1112 2587 conclusio
1142 2527 1281 2607 negativa
1304 2547 1359 2610 per
1386 2533 1520 2596 rationes

163 2648 257 2713 supra
282 2630 312 2692 in
336 2630 487 2710 principio
510 2629 602 2711 bajus
624 2632 734 2711 capitis
757 2632 910 2715 allegatas.

254 2735 303 2801 lo.
325 2738 515 2803 Universitas
536 2736 618 2801 enim
641 2737 698 2801 ista
722 2757 784 2803 nou
807 2740 932 2803 videtur
947 2739 1060 2803 babere
1073 2741 1123 2821 jus
1136 2740 1259 2820 aliquod
1274 2760 1368 2822 super
1387 2745 1473 2809 bonis
1486 2751 1520 2809 et

163 2847 305 2929 personis
322 2845 562 2927 particularibus
582 2845 809 2921 universitatis,
831 2847 946 2911 etenim
969 2847 1053 2928 quod
1077 2864 1181 2911 meum
1204 2853 1268 2926 est,
1296 2857 1425 2916 nonest
1448 2853 1518 2916 uni·

164 2954 337 3034 versitatis,
360 2953 450 3018 Bata
471 2955 506 3017 in
530 2954 564 3017 L.
587 2957 680 3017 etium
702 2973 733 3017 n.
759 2951 801 3017 ill
821 2958 857 3016 in
876 2957 929 3036 plu.
954 2954 987 3019 d.
1009 2956 1046 3017 de
1067 2957 1240 3018 eucmuou.
1263 2959 1310 3019 rei
1326 2958 1425 3036 judic.

258 3060 307 3125 11.
326 3067 373 3127 Ac
394 3067 557 3145 propterea
581 3063 644 3125 sine
664 3061 746 3126 lacto
768 3080 838 3125 meo
859 3080 878 3125 a
902 3079 952 3125 me
973 3062 1061 3125 avelli
1082 3079 1143 3125 non
1165 3066 1286 3143 potest,
1309 3065 1343 3127 Ι.
1358 3082 1424 3129 uon
1438 3067 1520 3130 debet

165 3173 263 3235 oderi
278 3171 309 3254 ff
326 3173 362 3235 de
383 3189 443 3252 req.
460 3170 547 3251 jun,
568 3187 636 3250 cop.
658 3188 724 3234 uon
746 3170 828 3233 debet
850 3170 912 3234 eod.
936 3171 981 3233 tit.
1004 3170 1052 3233 lib.
1074 3167 1104 3231 6.

253 3275 302 3340 12.
326 3278 387 3342 ista
409 3282 516 3342 autem
538 3278 692 3341 conclusio
707 3277 798 3342 debet
818 3278 965 3356 limitari,
987 3279 1089 3359 primo
1102 3278 1161 3341 nisi
1184 3279 1215 3340 in
1237 3278 1304 3342 loco
1318 3280 1421 3362 vigeat
1443 3298 1518 3345 con-

166 3385 319 3464 suetudo,
342 3386 426 3466 quod
448 3386 487 3449 ob
501 3385 603 3449 debita
625 3386 835 3450 universitatis
851 3387 1021 3468 singulares
1042 3385 1123 3448 illius
1144 3403 1290 3467 personae
1305 3386 1428 3468 gravari
1450 3404 1520 3468 pos-

165 3495 245 3572 sint3
274 3512 345 3557 nam
376 3494 447 3557 talis
476 3494 668 3559 consuetudo
698 3493 788 3556 daret
821 3493 1048 3575 jurisditionem
1081 3492 1275 3556 unbudtati
1306 3498 1344 3557 ut
1374 3509 1518 3574 personas

166 3603 261 3668 etiam
282 3602 477 3685 singulorum
508 3602 644 3683 ejusdem
671 3601 880 3665 universitatis
909 3600 1046 3681 obligare
1082 3604 1183 3680 posset
1219 3604 1257 3662 ut
1286 3599 1391 3664 firmat
1426 3599 1517 3663 Batai

168 3712 204 3773 io
226 3711 255 3773 d
276 3711 311 3774 Ι.
332 3712 426 3774 etiam
449 3730 480 3772 n.
504 3706 553 3773 ill.
1097 3739 1103 3744 ·

257 3816 305 3882 la
326 3819 496 3883 Limitatur
516 3819 668 3894 amando,
692 3820 744 3883 ubi
766 3820 871 3883 subest
893 3836 984 3884 cansa
1008 3818 1146 3902 publicae
1168 3817 1332 3896 utilitatis3
1351 3835 1422 3881 nam
1446 3834 1520 3897 pro-

166 3934 233 4013 pler
254 3928 411 4011 publicam
434 3927 602 3992 utilitatem
634 3933 735 4009 potest
765 3928 882 3991 civitas-
901 3926 937 3991 et'
964 3927 1147 3990 universitas
1174 3926 1336 4007 disponere
1363 3926 1457 3988 etiam
1479 3922 1519 3986 de

166 4037 256 4100 rebus
277 4035 491 4115 privatorum,
516 4032 605 4097 aare.
628 4036 664 4098 iu
684 4037 823 4114 proemio
842 4034 872 4116 ff
891 4037 927 4098 iu
950 4033 973 4118 §
996 4053 1118 4097 omnus
1141 4053 1172 4097 u.
1196 4034 1231 4106 5,
1254 4051 1326 4097 cunr
1347 4032 1416 4095 aliis
1437 4032 1518 4094 mul-

165 4142 202 4206 tis
223 4141 378 4225 congestis
400 4142 440 4204 ab
462 4139 548 4204 dioc.
574 4139 770 4223 Treutoct'uq.
800 4142 829 4206 d.
850 4144 973 4208 rmolut.
996 4141 1017 4202 2
1044 4141 1117 4205 ui
1144 4160 1219 4205 cers.
1242 4141 1397 4204 munatius
1417 4148 1459 4201 est
1482 4142 1517 4201 in

167 4248 235 4310 otiis
257 4248 356 4312 rebus.

252 4349 301 4416 lt.
324 4354 411 4418 Hanc
433 4360 536 4420 tamen
557 4356 774 4422 limitationem
798 4358 934 4423 declarat
956 4359 1100 4423 Andreas
1116 4357 1198 4438 Gojl.
1219 4360 1246 4421 d.
1269 4356 1374 4436 cupii
1401 4377 1432 4420 u.
1458 4355 1515 4433 11,

166 4459 333 4523 durumodo
364 4466 477 4544 urgeat
498 4468 639 4527 extrema
668 4467 830 4530 nemesius
850 4467 1000 4548 publicae
1022 4468 1184 4543 utilitatis,
1206 4466 1279 4530 alias
1301 4472 1391 4531 extra
1413 4469 1514 4550 publi·

64 4608 68 4614 -
166 4581 229 4629 cam
261 4570 295 4630 et
324 4571 498 4632 maenam
526 4572 737 4637 necessitatem
759 4575 999 4654 particularibus
1026 4576 1165 4656 personis
1186 4575 1374 4655 parcendum
1396 4580 1460 4652 est,
1481 4581 1515 4639 et

167 4674 201 4738 ab
228 4674 407 4756 huiusmodi
439 4680 668 4760 gravaminibus
696 4686 729 4746 et
754 4684 993 4766 obligationibus
1025 4689 1181 4763 tamquam
1215 4684 1326 4748 odiosis
1347 4689 1380 4748 et
1403 4683 1517 4762 iniquis

169 4782 377 4848 abstinendum
399 4801 464 4849 esse
484 4787 671 4853 existimant
805 4805 812 4826 ⁸

250 4889 299 4953 15.
321 4892 490 4957 Limitatur
513 4897 626 4973 tertio,
647 4897 672 4960 si
688 4899 851 4978 negocium
874 4897 912 4961 ad
936 4898 1019 4976 quod
1042 4897 1257 4979 explicandum
1281 4899 1342 4961 tuit
1360 4895 1512 4960 constitu-

1278 5001 1316 5065 10
