3734 5750
294 431 360 493 eor
721 415 922 484 cunovrcr
943 416 1066 486 cruor
1088 420 1234 488 rnrcr.
1365 396 1369 413 '

294 627 326 671 rr.
348 596 394 664 214
415 614 491 664 vers.
514 610 570 657 uec
592 590 655 653 dici
673 595 781 669 potest,
805 586 957 650 Laderch.
978 586 1359 668 consosonantia.
1381 594 1417 658 de
1440 596 1526 659 tacit.
1549 597 1597 661 ur.
1623 592 1671 662 tt

293 715 339 780 tr't.
362 706 406 773 39
429 725 461 770 n.
487 700 536 766 10.

383 814 435 878 20.
458 811 565 877 Tertio
580 806 776 881 declaratur,
791 803 876 884 quod
891 811 1081 886 procurator
1096 812 1198 890 potest
1213 814 1319 892 petere
1334 810 1514 877 dilationem
1529 813 1569 877 ad
1592 832 1667 879 con-

295 924 463 994 sulendum
485 919 668 992 dominum,
689 913 715 979 si
738 911 788 977 iila
810 912 852 977 sit
874 914 1086 994 concedenda,
1109 915 1238 982 Graoat.
1254 919 1310 984 uti
1330 938 1425 1002 sopra
1447 923 1475 985 d.
1498 941 1530 987 u.
1552 917 1576 985 d
1597 932 1667 1007 post

297 1036 387 1100 Bart.
409 1048 505 1113 quem
526 1026 640 1109 aiiegat

385 1162 402 1201 a
426 1137 559 1217 Quoties
580 1133 726 1197 dominus
746 1136 795 1196 est
824 1131 946 1209 absens,
968 1134 1167 1214 procuratori
1189 1135 1285 1201 citato
1307 1137 1490 1203 conceditur
1512 1141 1669 1204 terminus

295 1249 376 1313 aad
399 1243 648 1312 denunciandum
679 1239 807 1303 domino
836 1256 961 1304 causam
993 1246 1130 1322 motam,
1152 1242 1244 1308 etad
1267 1262 1340 1309 cum
1372 1247 1595 1312 consulendum
1627 1254 1667 1311 ut

296 1381 314 1419 (ι
338 1355 489 1422 delineret
510 1371 549 1417 an
572 1348 683 1414 cadere
706 1347 753 1414 vel
774 1347 963 1412 contendere
986 1348 1077 1429 veiit,
1100 1349 1290 1433 Romaprrer.
1303 1362 1372 1434 post
1389 1353 1527 1420 donuae
1541 1357 1584 1419 ad
1601 1366 1668 1420 sta-

297 1487 315 1526 r
340 1473 398 1530 tut.
422 1460 582 1543 Eupudirr.
606 1459 655 1523 lid.
678 1455 699 1518 2
721 1456 807 1519 rubr.
830 1454 851 1516 2
873 1475 905 1519 rc.
928 1453 958 1520 8.

385 1593 402 1631 a
427 1574 478 1635 An
500 1572 608 1634 autern
630 1563 810 1647 hujusmodi
832 1564 988 1629 terminus
1008 1567 1199 1633 concedatur
1221 1574 1421 1650 procuratori
1436 1574 1560 1651 actoris,
1585 1577 1666 1638 idem

297 1705 315 1744 a
340 1681 530 1760 Routapuer.
552 1674 625 1741 iud.
648 1691 680 1739 se
702 1671 862 1736 remissive
884 1670 978 1736 hahet
994 1692 1025 1736 rr.
1040 1672 1062 1736 9
1077 1672 1120 1737 ad
1142 1675 1289 1739 Aittmar.
1311 1678 1347 1741 de
1368 1679 1668 1745 uutiitat.rubr.12

297 1815 315 1853 a
340 1796 458 1873 quaem.
481 1785 525 1848 20
548 1803 580 1848 rt.
601 1779 655 1847 45.

384 1895 436 1961 21.
458 1897 540 1961 Rota
563 1897 745 1957 tamennon
761 1890 902 1955 admittit
918 1889 1182 1972 hocindistincte,
1203 1892 1256 1956 sed
1278 1910 1350 1957 cum
1375 1893 1433 1958 irac
1455 1894 1668 1960 distinctione:

295 2005 379 2088 quod
403 2004 429 2070 si
451 2002 503 2068 isti
525 1999 727 2084 procuratori
748 1997 791 2063 sit
812 1997 930 2063 iactum
964 1997 1146 2063 mandatum
1177 2005 1346 2082 antequam
1379 2019 1470 2068 causa
1501 2002 1540 2066 ad
1572 2020 1667 2083 quam

296 2131 378 2178 nunc
400 2112 531 2191 citatur,
544 2112 626 2174 esset
647 2106 810 2172 commissa
832 2113 942 2172 contra
963 2106 1126 2171 dominum
1142 2126 1246 2188 suum,
1269 2115 1345 2174 tunc
1360 2110 1401 2174 sit
1417 2110 1460 2174 iiii
1474 2109 1669 2174 concedenda

296 2221 414 2300 dilatio,
437 2237 505 2301 cap.
526 2219 657 2282 ditectus
680 2225 761 2280 ectr.
783 2215 819 2279 de
839 2232 985 2295 prorue:
999 2215 1026 2279 si
1041 2220 1148 2279 autem
1164 2214 1208 2279 iiii
1232 2217 1287 2282 flat
1308 2217 1491 2282 mandatum
1508 2223 1578 2300 post
1592 2235 1667 2281 cau-

296 2347 348 2395 sae
367 2326 637 2405 commissionem,
659 2325 690 2387 in
713 2324 771 2388 irac
791 2322 962 2408 hypothesi
984 2322 1028 2387 iiii
1051 2325 1114 2388 erit
1143 2325 1340 2409 deneganda,
1363 2328 1437 2409 quia
1454 2326 1669 2410 praesumitur

295 2437 361 2520 peti
383 2435 537 2500 malitiose
559 2439 593 2499 et
614 2450 706 2499 causa
736 2431 900 2497 differendi
932 2432 1117 2515 negocium,
1138 2438 1171 2498 et
1193 2436 1278 2514 quod
1311 2437 1431 2501 venerit
1453 2435 1492 2501 ad
1512 2435 1668 2519 judicium

296 2547 479 2622 instructus,
502 2545 545 2608 ita
568 2540 638 2608 nor.
661 2541 750 2606 decis.
774 2538 839 2604 395
861 2549 1006 2622 quaeest
1031 2537 1072 2603 31
1098 2541 1134 2604 de
1154 2559 1283 2621 procur.
1305 2545 1341 2606 in
1364 2545 1472 2617 uocis,
1491 2542 1669 2610 Casuodor.

296 2656 384 2720 decia.
408 2651 424 2714 1
450 2672 482 2718 u.
508 2652 525 2714 1
549 2653 586 2715 de
608 2651 752 2715 dilatiore.

725 2891 963 2988 carun
1012 2919 1238 2990 xxxvru.
1316 2904 1319 2910 ’

389 3179 673 3249 PROCURATOR
696 3181 756 3248 AD
778 3181 896 3249 uiuus
917 3183 975 3248 AN
997 3183 1051 3248 ET
1073 3181 1248 3262 QUANDO
1270 3184 1411 3252 Possm
1431 3184 1569 3250 ALlUM

518 3288 867 3358 PROGURATOREM
890 3290 933 3355 in
956 3288 1103 3358 LOCUM
1123 3292 1239 3359 SUUM
1262 3293 1437 3360 PONERE.

822 3522 1146 3573 cummunioni

390 3720 417 3786 i.
443 3720 535 3800 Quod
547 3733 740 3805 procurator
756 3724 798 3788 ad
813 3725 881 3789 titec
893 3733 921 3789 et
934 3726 978 3789 ad
991 3727 1119 3806 craecia
1134 3743 1201 3788 uon
1216 3727 1312 3806 possit
1326 3727 1429 3789 atium
1442 3726 1479 3786 r'rr
1502 3740 1599 3787 auum

497 3835 601 3896 locum
622 3833 815 3898 substituere.

385 3941 414 4007 2.
440 3940 644 4007 constitueras
663 3949 915 4023 procauatoreru,
938 3943 1022 4023 eiipr't
1042 3943 1131 4007 titius
1152 3941 1348 4006 industriam
1369 3949 1398 4004 et
1411 3939 1569 4020 peritiam.

386 4048 415 4115 3.
441 4051 639 4116 Procurator
659 4060 719 4115 aut
740 4059 784 4115 eu
807 4051 1146 4115 constitutuaadir'tes
1166 4048 1259 4112 etad
1273 4046 1453 4126 jactatoria,
1477 4052 1535 4109 cut
1557 4043 1601 4105 ad

496 4160 625 4240 περσεία
648 4167 742 4222 extro
760 4157 923 4237 judicium
945 4159 1143 4239 explicanda.

386 4263 417 4331 lt.
442 4267 641 4332 Procurator
661 4267 705 4331 ad
726 4267 794 4332 lites
815 4284 880 4331 nou
899 4274 999 4346 potest
1021 4267 1123 4331 atium
1145 4266 1336 4331 ruistr'tuere.

389 4373 418 4438 t.
444 4375 540 4441 Saeua
557 4376 735 4457 procederet
757 4377 792 4439 iu
821 4383 1031 4455 procuratore
1062 4377 1229 4440 constituto
1252 4375 1288 4436 in
1311 4388 1378 4434 rem
1408 4385 1501 4434 suam
1523 4385 1600 4449 pro-

520 4503 614 4550 uam.

388 4588 417 4654 6.
441 4505 542 4655 Aeliu
565 4593 621 4658 itio
641 4603 849 4675 procuratore
870 4595 926 4676 put
947 4604 992 4658 ert
1012 4591 1137 4674 effectur
1159 4593 1307 4656 domium
1328 4590 1400 4653 litis.

387 4699 419 4766 7.
443 4701 513 4768 Nou
535 4710 664 4766 tautum
677 4705 706 4768 r'r
716 4710 816 4785 potest
830 4702 932 4766 atium
953 4708 1195 4782 procuratorem
1218 4698 1418 4772 substituere,
1432 4695 1486 4759 sed
1506 4695 1601 4757 etiam

499 4811 539 4875 at
559 4829 594 4874 eo
615 4811 817 4892 micturus,
844 4818 1014 4892 portariam
1044 4810 1111 4889 ipse
1139 4825 1262 4890 quoque
1283 4807 1322 4870 a‘t
1345 4802 1470 4885 effectus
1501 4799 1603 4865 domi-

498 4937 561 4990 uus
583 4921 655 4986 titia.
