3734 5750
347 414 390 479 m
591 390 594 395 ·
767 398 964 469 nuuovrcr
985 398 1104 464 caver
1125 388 1268 466 umor.

433 576 485 643 26.
507 575 627 642 Poterit
646 569 791 637 similiter
811 567 947 635 sindicus
968 565 1176 631 universitatis
1204 569 1311 645 petere
1334 560 1566 629 restitutionem
1591 560 1621 623 in
1643 559 1692 622 in-

347 697 474 772 tegrum
495 702 552 766 pro
574 699 630 747 sus
652 678 861 752 universitate,
876 675 950 739 licet
971 673 1031 738 hoc
1051 676 1184 754 nepetam
1205 670 1335 735 sindicia
1348 668 1477 751 aiicujus
1496 667 1627 749 capituli
1643 667 1693 731 vei

345 792 483 876 collegii,
506 790 596 855 nata
627 790 662 851 in
686 781 865 869 L.illud§
889 777 1111 877 6661666
1137 781 1269 856 eniam„
1292 775 1409 853 ¹Jasoes.
1439 777 1476 842 ie
1506 777 1542 842 L
1568 793 1693 857 maaser

348 922 379 967 a.
399 901 420 963 7
443 904 477 966 in
498 902 559 983 pa„
580 907 608 961 et
630 898 722 978 intra
745 893 778 959 θ.
799 894 835 955 da
857 898 1024 962 transcat,
1050 886 1142 954 Orac.
1164 904 1245 949 cons.
1268 881 1333 949 238
1349 891 1380 947 is.
1395 882 1417 945 2
1430 884 1466 946 io
1478 882 1541 964 fiee,
1563 891 1693 961 aeonas

347 988 1430 1083 assumea1uereapramo,1tsmmsmaeoeetttaos
1455 989 1555 1055 aas.

435 1111 486 1177 21.
506 1111 682 1179 Reddentes
703 1126 772 1173 eam
794 1107 946 1171 rationem
966 1103 1162 1181 diversitatis,
1176 1102 1249 1183 quta
1273 1103 1305 1166 in
1327 1101 1482 1166 creatione
1495 1099 1603 1165 sindici
1624 1100 1694 1163 nni-

347 1224 500 1293 versitetis
522 1220 695 1301 mqnintnr
716 1217 895 1292 decretum,
916 1212 1000 1294 quod
1021 1229 1083 1276 non
1103 1214 1153 1275 est
1173 1209 1377 1277 necessarium
1401 1208 1435 1271 in
1454 1207 1611 1272 creatione
1631 1207 1693 1270 sin·

347 1332 409 1401 dici
431 1330 559 1411 aiicujus
580 1326 700 1409 collegii
722 1324 769 1389 vel
790 1321 936 1405 capituii;
964 1336 1045 1399 quae
1059 1324 1163 1385 umen
1176 1317 1365 1387 diversitatis
1386 1315 1467 1381 ratio
1487 1332 1551 1381 non
1571 1315 1693 1380 videtur

348 1438 539 1515 concludere,
559 1436 632 1516 qnia
656 1451 717 1496 non
739 1446 860 1512 semper
875 1430 906 1491 in
921 1427 1077 1491 creatione
1091 1424 1197 1490 sindici
1213 1423 1425 1489 universitatis
1446 1420 1621 1500 requiritur
1642 1419 1694 1485 de

348 1550 479 1621 cretum,
498 1546 535 1606 nt
557 1541 810 1607 dernenstraturrr
827 1537 887 1600 fuit
908 1535 1009 1617 capite
1031 1532 1233 1617 praecedenti.

310 1640 315 1675 ³
432 1650 484 1715 22
506 1649 592 1714 Duru
613 1651 721 1712 auteur
740 1644 801 1709 tuit
823 1644 944 1710 dictura
966 1641 1119 1726 sindicum
1141 1640 1353 1705 universitatis
1367 1656 1454 1720 pressa
1468 1654 1528 1718 pro
1540 1636 1579 1701 ea
1592 1639 1696 1717 petere

345 1761 577 1827 restitutionem
599 1758 632 1820 in
653 1757 821 1837 integrum,
835 1755 882 1817 est
903 1748 1138 1832 intelligendum
1160 1747 1199 1811 de
1219 1746 1336 1813 sindico
1358 1749 1463 1811 creato
1485 1743 1525 1807 ad
1546 1739 1697 1805 univemi-

344 1864 444 1935 ,taam
476 1882 657 1939 cenarum,
689 1869 725 1927 ut
754 1858 889 1925 declaret
918 1858 1010 1922 Bata
1032 1860 1066 1920 is
1086 1855 1173 1920 retr.
1194 1864 1271 1919 ectr.
1292 1855 1329 1923 de
1349 1855 1444 1919 restit.
1464 1855 1500 1916 ia
1520 1851 1696 1930 insanam

347 1992 441 2057 quem
463 1974 612 2039 referiat
633 1971 794 2051 seqnitur,
820 1965 931 2032 Simon
953 1966 989 2030 de
1013 1966 1137 2029 Praetir
1157 1981 1238 2028 cons.
1259 1960 1305 2027 nt
1324 1981 1356 2028 a.
1379 1959 1423 2026 32
1444 1961 1493 2026 to.
1517 1959 1545 2025 1.

435 2077 487 2144 22.
508 2078 671 2146 doedudo
691 2080 807 2150 autem,
823 2079 968 2154 utsupra
990 2072 1133 2154 pluribus
1152 2072 1360 2153 comprobata,
1374 2069 1460 2152 qnod
1479 2068 1614 2135 siudIcus
1627 2066 1698 2130 uni·

348 2188 502 2255 versitatis
522 2186 619 2269 possit
639 2183 794 2266 explicare
815 2197 954 2262 eaquae
984 2181 1152 2261 reqrvirunt
1181 2179 1361 2249 mandatum
1392 2177 1539 2261 medela,
1560 2195 1621 2243 non
1651 2178 1698 2239 eat

290 2328 295 2339 ·
348 2299 609 2378 perpetuemur
632 2290 724 2356 multi
745 2290 860 2355 dantur
882 2306 970 2354 casus
992 2289 1024 2352 in
1046 2289 1160 2369 quum
1181 2285 1317 2352 sindicus
1337 2304 1399 2351 nou
1420 2291 1525 2369 potest
1545 2285 1699 2367 explicare

347 2420 384 2466 ea
405 2418 486 2483 quae
505 2401 640 2484 erigunt
659 2399 840 2465 mandatum
860 2397 999 2480 speciata
1013 2402 1047 2463 et
1061 2398 1199 2463 manium
1218 2397 1300 2461 circa
1314 2412 1351 2461 ea
1373 2413 1414 2461 ex
1438 2396 1552 2477 quibus
1573 2393 1696 2458 nuver-

349 2511 423 2575 sitss
445 2508 524 2573 iaedi
544 2514 579 2573 et
598 2507 787 2573 damnificari
810 2511 928 2588 posset:
948 2521 984 2570 ac
1005 2505 1134 2588 proinde
1165 2505 1285 2571 ratione
1315 2503 1495 2586 praeiudicii
1523 2503 1607 2584 qnod
1630 2501 1698 2565 uni·

350 2619 477 2683 versitas
496 2621 598 2699 posset
620 2617 735 2683 sentire
764 2614 898 2699 siudipus
919 2632 982 2679 uon
1001 2617 1105 2696 potest
1127 2613 1313 2695 respondere
1334 2612 1537 2695 positionibus
1557 2613 1697 2678 adversa-

350 2724 407 2801 m,
430 2723 569 2789 umora
591 2741 672 2789 aa.
693 2720 737 2787 so
758 2741 790 2787 a
812 2700 857 2785 ct
877 2722 927 2805 ta.
951 2719 989 2796 1,
1013 2720 1159 2787 macac
1181 2720 1285 2785 aare
1308 2739 1390 2787 aaa.
1415 2718 1478 2786 aaa
1500 2741 1532 2786 a
1549 2719 1588 2785 17
1603 2717 1697 2794 raa,

349 2832 388 2899 de
410 2850 475 2913 quo
495 2837 598 2899 tamen
626 2831 789 2898 videantur
817 2828 900 2894 dicu
929 2845 986 2911 per
1016 2846 1077 2898 uos.
1101 2827 1180 2894 intra
1211 2844 1279 2910 cap.
1309 2827 1417 2907 LIII,
1442 2836 1635 2911 mwaratar
1654 2841 1698 2889 aa

345 2939 540 3021 pmjudicat
560 2940 687 3004 dueum
709 2937 885 3019 motando.
1370 2953 1373 2959 ·

438 3068 456 3107 r
480 3046 698 3123 Contrarium,
720 3045 804 3126 quod
825 3044 943 3110 scilicet
963 3044 1165 3127 positionibus
1178 3061 1305 3126 numne
1319 3044 1502 3127 respondere
1516 3043 1632 3121 voleat,
1646 3060 1698 3107 vo

351 3176 369 3214 r
393 3153 455 3217 init
475 3152 556 3216 idern
581 3150 716 3216 Graan.
737 3151 780 3216 ad
810 3160 916 3217 statut.
948 3151 1104 3233 aarum
1134 3153 1183 3217 tto.
1215 3152 1233 3216 1
1265 3153 1351 3218 meir.
1372 3150 1415 3215 26
1447 3169 1479 3217 a.
1499 3149 1540 3227 6,
1568 3152 1698 3235 edegans

352 3281 371 3320 e
396 3260 480 3324 Post.
501 3259 537 3323 de
558 3267 680 3324 mnout.
701 3259 847 3325 maenaa
868 3256 911 3323 83
934 3278 966 3323 a
987 3257 1038 3324 36.

438 3363 490 3432 at.
511 3368 574 3432 Nec
593 3368 689 3432 etium
709 3371 812 3449 potest
831 3366 965 3432 obiicere
986 3368 1115 3434 crimina
1137 3374 1245 3436 contm
1267 3369 1427 3447 moue,
1449 3369 1508 3436 nisi
1529 3370 1561 3436 in
1584 3374 1699 3437 instru-

351 3482 456 3544 mento
477 3477 645 3543 audiatur
664 3477 739 3544 data
757 3476 802 3542 illi
822 3476 921 3546 tuerit
943 3476 1120 3559 huiusmodi
1141 3477 1287 3555 rucuma,
1304 3495 1389 3562 ,cnm
1409 3479 1607 3560 expressione
1627 3494 1697 3559 per-

350 3602 443 3652 sonae
462 3591 569 3651 conae
591 3603 686 3666 quam
707 3585 837 3652 crimIna
858 3588 933 3650 snut
953 3585 1140 3662 obiicienda,
1160 3602 1197 3652 ac
1226 3587 1323 3652 etiam·
1350 3587 1468 3654 crimen
1497 3588 1582 3668 quod
1608 3586 1698 3653 obiici

350 3693 614 3770 debetducnsda
631 3691 1311 3790 Peaoaieletaancotintorea§utuutaaa
1336 3694 1635 3761 caeremaatta.
1651 3693 1701 3772 12

351 3800 496 3880 sequitur
517 3798 605 3865 Mutt.
627 3801 663 3863 de
684 3799 792 3882 amitt.
814 3802 850 3864 io
872 3802 1096 3883 constiteram
1117 3803 1165 3867 tto.
1186 3801 1207 3864 2
1227 3804 1313 3869 rubr.
1329 3802 1351 3870 2
1369 3822 1437 3889 cap.
1452 3807 1610 3887 pearata
1619 3806 1700 3886 farn

350 3928 382 3975 a.
403 3905 441 3984 d,
464 3926 539 3973 ears.
561 3909 611 3974 sat
632 3909 763 3991 peceato
781 3909 981 3989 asinarius,
995 3909 1092 3976 reiert
1104 3909 1192 3975 saa
1210 3910 1351 3976 demtos.
1373 3928 1455 3976 eoas.
1469 3908 1512 3976 62
1526 3930 1557 3975 se
1571 3906 1594 3975 It
1606 3908 1700 3975 aaa

302 4046 306 4055 ·
437 4013 731 4097 cananaeorum
752 4020 857 4099 potest
877 4017 1061 4086 subtrahere
1081 4035 1170 4084 suurn
1200 4019 1435 4085 universitatem
1463 4038 1480 4084 a
1511 4019 1701 4102 mbiectione

351 4124 444 4187 unius
465 4122 593 4200 domiui,
613 4126 648 4190 et
668 4122 753 4192 itum
774 4125 925 4190 subiicere
945 4125 1152 4207 jurisdictioni
1172 4125 1310 4206 nunu,
1330 4127 1422 4193 sata
1444 4143 1527 4194 eoae
1547 4124 1613 4194 too
1633 4123 1702 4191 ad

349 4231 399 4296 tii.
420 4226 461 4307 Is,
487 4231 585 4298 mort
606 4249 689 4296 cosa
710 4231 728 4295 1
753 4251 784 4296 a.
806 4230 828 4298 6
850 4233 897 4300 vo.
918 4228 959 4311 la,
979 4250 1075 4314 quern
1095 4236 1238 4315 seqnitur
1260 4235 1496 4300 Marcomeres
1517 4236 1553 4299 de
1567 4233 1700 4314 sapae

351 4338 388 4402 ta
411 4335 824 4424 mundissimam.
1048 4418 1050 4420 ,

394 4464 398 4470 ·
440 4444 492 4510 26.
513 4449 574 4513 Neo
594 4447 738 4516 similiter
758 4448 859 4518 faeere
879 4466 916 4516 ea
937 4466 979 4518 ax
999 4452 1113 4531 quibu
1133 4450 1317 4518 moestu
1337 4455 1440 4533 poseat
1462 4448 1702 4534 inpoenamin

348 4552 472 4632 cidere,
494 4551 580 4620 Alea.
604 4556 748 4622 Treatac.
770 4558 798 4622 d
820 4574 903 4622 cossa
924 4553 968 4619 62
990 4577 1021 4622 a
1043 4557 1064 4621 7
1087 4562 1157 4641 post
1178 4556 1285 4624 Iussa
1307 4574 1403 4639 quem
1422 4557 1542 4643 aibant

438 4658 489 4725 27.
510 4645 611 4759 imno
631 4682 688 4730 nec
709 4667 804 4731 etiam
827 4669 929 4749 potest
950 4681 983 4729 se
1003 4667 1212 4742 intromittere
1233 4668 1265 4731 in
1287 4667 1450 4732 reservatis
1471 4666 1613 4749 principi,
1635 4679 1703 4746 rap.

348 4771 435 4858 qaod
456 4772 695 4837 translationem
716 4785 795 4839 eutr.
817 4774 857 4840 de
875 4775 950 4858 offic.
971 4774 1060 4854 kant.
1080 4791 1153 4840 curn
1175 4775 1242 4840 aliis
1262 4773 1346 4856 apud
1367 4774 1451 4840 Idim.
1473 4772 1549 4839 Ieas
1580 4788 1662 4836 eoas.
1684 4768 1706 4833 6

353 4899 386 4945 n.
411 4878 540 4944 196166.
565 4877 600 4957 1,
622 4879 738 4946 faciunt
759 4881 842 4947 dicta
864 4900 921 4965 per
944 4880 1196 4948 Grammaticum
1218 4899 1299 4947 coac
1321 4883 1444 4947 camin.
1466 4877 1489 4943 6
1510 4899 1542 4946 a.
1564 4876 1593 4942 9.
