3734 5750
497 347 554 418 DE
577 346 962 416 procuratoribus.
984 347 1072 414 GAP.
1095 348 1254 415 Lxxxv.
1493 347 1561 417 ite

277 514 330 587 22
352 521 473 586 Verum
495 539 569 585 cum
593 521 651 585 iste
680 522 869 606 procurator
891 516 933 581 sit
953 517 1147 583 constitutus
1169 516 1208 581 ed
1232 517 1445 601 recipiendum
1475 520 1562 586 soln-

194 624 292 699 tiones
314 633 417 712 potest
438 628 596 708 dubitari,
611 645 649 692 an
664 631 852 710 procurator
876 626 933 690 iste
956 626 1053 707 possit
1071 627 1143 708 jure
1164 626 1267 691 medio
1281 643 1394 711 eogere
1408 627 1565 695 debitores

193 739 231 804 ad
254 737 455 817 solvendum,
475 742 508 802 et
530 737 616 818 qnod
638 736 737 819 possit
758 733 885 814 quidem
918 732 1059 815 recipere
1082 732 1252 797 solutiones
1273 752 1291 796 a
1314 738 1423 816 sponte
1445 733 1565 798 solven-

195 843 294 922 tibus,
326 862 387 907 non
418 849 523 910 tamen
553 843 650 925 possit
680 842 746 906 iilos
774 841 845 923 jure
876 839 980 905 medio
1011 857 1125 924 eogere
1156 843 1196 905 nt
1225 841 1283 907 sibi
1305 841 1444 920 solvant,
1466 840 1567 906 votuit

191 949 285 1014 eoru
308 952 343 1015 ist
365 950 401 1015 L
420 952 524 1034 sottus
546 952 582 1015 io
605 947 627 1010 2
649 950 778 1031 opperit.
801 948 866 1013 cod
887 948 926 1011 de
947 949 1047 1030 furt,
1073 946 1141 1013 Soc.
1165 948 1242 1013 Jou.
1267 967 1351 1015 cotta
1372 946 1416 1012 22
1439 949 1565 1016 sumti

191 1058 240 1122 td.
264 1055 305 1133 e,
331 1058 480 1123 lutetia
503 1057 539 1122 L.
560 1060 650 1140 lacte
672 1054 696 1143 S
718 1058 746 1121 si
768 1057 877 1121 baem
898 1075 930 1120 a.
952 1049 975 1117 d
997 1074 1076 1121 vers.
1098 1072 1156 1121 nee
1175 1065 1275 1138 potest
1296 1057 1328 1141 ff
1344 1057 1389 1123 od
1423 1057 1567 1137 Ibebed„

192 1166 311 1233 Gozod
333 1187 417 1235 coos.
439 1164 483 1231 83
506 1186 538 1232 st
552 1164 585 1245 8,
601 1167 673 1233 dict.
696 1167 786 1230 decia
808 1161 875 1229 dd3
897 1184 930 1229 u.
953 1162 974 1228 3
996 1182 1069 1247 per.
1092 1164 1110 1229 1
1137 1167 1279 1247 discent,
1292 1185 1329 1233 oa
1351 1170 1474 1234 ratione
1488 1170 1563 1250 quia

193 1279 225 1342 in
248 1279 333 1344 bunc
353 1281 590 1361 procuratorem
613 1292 669 1341 nec
692 1273 926 1339 transferuntur
956 1275 1093 1341 actiones
1123 1277 1261 1341 directae
1290 1295 1372 1358 qaae
1403 1277 1567 1344 inhaerent

191 1384 314 1450 ossibus
341 1386 437 1467 ipsius
465 1383 632 1449 creditoris
653 1381 844 1461 mandantis,
865 1399 922 1447 nm
945 1382 1056 1463 ntiies,
1076 1384 1129 1450 sed
1152 1390 1277 1452 tantum
1300 1387 1488 1453 exercitium
1517 1388 1567 1453 di-

192 1496 366 1557 rectarum.
789 1512 791 1517 ’
1205 1485 1214 1503 ’

282 1595 333 1662 23.
354 1598 552 1665 Contrarum
575 1603 680 1665 tamen
703 1599 890 1671 senteutiam
904 1600 1044 1667 deendit
1060 1601 1214 1667 Franco
1233 1604 1325 1669 Post.
1341 1622 1426 1670 coos.
1438 1602 1480 1668 91
1498 1624 1530 1669 n.
1549 1601 1565 1665 1

190 1714 220 1771 et
234 1723 325 1790 sopp,
348 1707 466 1772 Freoc.
490 1707 591 1771 More.
612 1707 702 1772 decta
725 1703 791 1770 101
812 1706 880 1772 ub
900 1725 974 1791 por.
988 1707 1020 1789 2,
1035 1710 1091 1789 qni
1113 1714 1281 1776 moventur
1302 1710 1362 1776 boc
1384 1710 1569 1778 baudemen-

190 1819 244 1896 to,
268 1816 353 1897 quod
375 1834 449 1882 cnm
480 1816 550 1881 dnis
571 1815 751 1899 huiusmodi
772 1816 911 1883 mandati
932 1818 975 1884 sit
995 1818 1120 1884 exactio
1141 1821 1175 1883 et
1197 1819 1335 1901 receptio
1356 1818 1569 1897 solutionum,

188 1929 340 1992 censetur
362 1925 561 2007 procuratori
584 1924 656 1990 date
687 1924 818 1992 iacuitas
848 1924 979 1991 iaciendi
1001 1942 1038 1991 ea
1061 1926 1166 1991 omnin
1188 1944 1270 2007 qnae
1300 1930 1374 1992 sunt
1395 1922 1565 1990 necessaria

187 2034 229 2100 ad
253 2033 507 2115 consequendum
530 2033 652 2098 dictum
674 2034 786 2114 duem,
802 2034 838 2099 L
852 2035 896 2098 ed
908 2052 977 2099 rem
998 2035 1151 2113 bobium
1167 2033 1203 2098 L.
1225 2035 1305 2099 iilud
1323 2034 1354 2117 ff
1372 2034 1409 2098 de
1428 2047 1568 2114 procur,

189 2161 271 2206 cem
291 2141 415 2222 emona
428 2145 462 2206 et
476 2141 550 2221 quia
573 2141 727 2222 quidquid
748 2142 817 2224 agit
839 2146 1037 2225 procurator,
1051 2143 1120 2227 agit
1134 2147 1295 2224 umquam
1309 2157 1463 2226 organum
1480 2158 1569 2207 man-

189 2247 307 2314 dantis
328 2247 391 2311 Nec
413 2253 570 2332 repugnat
591 2248 676 2329 qnod
699 2249 731 2312 in
751 2266 826 2314 eam
849 2267 911 2314 non
933 2251 997 2317 sint
1019 2251 1186 2317 translatae
1200 2251 1337 2318 actiones
1353 2268 1411 2317 nec
1432 2250 1570 2316 directae

188 2371 252 2418 nec
267 2353 371 2433 utiles,
388 2355 538 2435 omnium
559 2360 689 2423 exercet
709 2357 845 2423 directas
865 2359 992 2425 nemine
1015 2359 1197 2426 mandantis

284 2456 336 2524 id.
359 2460 419 2527 Sed
444 2480 556 2528 rursus
579 2463 717 2530 dubitari
732 2469 836 2547 petest
854 2483 895 2530 nn
917 2466 1043 2533 debitor
1063 2467 1183 2533 solvens
1203 2468 1402 2550 procuratori
1426 2472 1570 2533 revocato

187 2566 339 2648 acquirat
360 2568 603 2635 iiberetionemt
625 2572 687 2636 Pro
708 2575 799 2655 cujus
820 2573 1025 2640 dubitationis
1054 2575 1242 2641 resolutione
1263 2580 1340 2642 snut
1360 2575 1570 2644 constituendi

189 2679 337 2756 quatuor
356 2692 460 2742 mens:

284 2783 411 2851 Primus
432 2789 489 2867 est,
505 2787 630 2869 quando
653 2788 777 2856 debitor
799 2789 893 2858 habet
914 2796 1022 2858 notam
1046 2792 1274 2857 mancationem
1298 2791 1448 2871 mandati,
1461 2795 1495 2857 et
1512 2789 1572 2855 boc

187 2910 268 2959 casu
292 2894 318 2959 si
341 2894 441 2962 solvat
471 2915 533 2964 uon
566 2903 709 2965 mmanet
730 2899 898 2979 liberatas,
922 2900 1004 2965 iiim.
1039 2898 1112 2966 Seu.
1143 2917 1229 2965 coos
1250 2897 1317 2965 513
1339 2918 1371 2964 a.
1397 2897 1437 2962 10
1460 2898 1509 2966 tib.
1531 2892 1572 2976 3,

189 3000 1221 3088 Letopoffdeoepoc.gett,iieciusconattist1tib.1.

285 3108 337 3177 211
359 3112 522 3180 Secundae
542 3131 631 3180 casus
650 3120 708 3194 eet,
723 3115 849 3196 quande
870 3116 994 3183 debitor
1008 3116 1174 3202 ignorabat
1193 3116 1310 3183 &tam
1331 3116 1572 3196 revocationem,

186 3224 223 3286 et
247 3224 328 3286 tuno
356 3222 382 3286 si
410 3222 508 3289 solvat
539 3227 682 3289 remanet
712 3223 865 3291 liberatus
887 3223 923 3289 L.
946 3227 974 3290 st
996 3244 1070 3290 mam
1102 3224 1271 3292 Omodius
1292 3224 1378 3307 {Ide
1403 3222 1513 3302 seint,
1537 3221 1572 3286 L.

185 3330 279 3411 qood
300 3346 408 3396 aereus
429 3329 461 3412 ff
477 3331 587 3414 depos,
610 3331 695 3399 nem
713 3330 786 3398 Sem
800 3332 829 3397 d
844 3350 927 3397 eoos.
944 3328 1009 3396 did
1024 3349 1057 3397 o.
1070 3331 1126 3412 10,
1143 3332 1208 3399 Jea.
1223 3335 1259 3397 io
1275 3331 1311 3397 L
1326 3332 1354 3396 o·
1364 3329 1575 3413 mundatori

187 3457 223 3503 n.
248 3437 272 3502 5
293 3438 378 3522 tide
401 3440 514 3504 coedit.
537 3456 624 3509 cous
646 3439 710 3506 det

285 3545 338 3612 ab.
360 3548 487 3615 Tertius
507 3553 556 3614 est
577 3567 675 3629 mans,
690 3550 816 3631 qmndo
839 3556 1028 3632 procurator
1050 3551 1104 3617 cni
1126 3550 1189 3617 init
1211 3550 1290 3618 iacta
1305 3550 1420 3617 solutio
1435 3567 1497 3614 nou
1512 3547 1575 3614 init

186 3675 345 3741 expresse
368 3661 550 3734 revocatus,
571 3658 625 3724 md
647 3659 744 3724 tacite
765 3675 806 3722 ex
827 3675 866 3722 eo
888 3658 974 3739 qnod
996 3676 1085 3727 sunm
1105 3659 1318 3726 conditiomm
1340 3658 1415 3723 iecit
1436 3655 1574 3723 deterio

187 3785 287 3845 rem,
310 3770 349 3832 nt
370 3767 511 3833 dicemus
531 3767 570 3832 ad
592 3768 687 3833 tinem
709 3769 863 3832 tractatus
884 3784 953 3849 cop.
978 3765 1112 3847 cxxi,
1133 3772 1168 3833 et
1188 3767 1313 3833 debitor
1334 3764 1413 3830 banc
1434 3762 1574 3830 deterio-

187 3877 355 3944 rationem
370 3875 498 3954 sciebat
517 3881 551 3942 et
573 3876 633 3941 hoc
655 3891 784 3958 qnoque
803 3891 878 3941 usn
899 3875 1025 3943 debitor
1045 3876 1167 3942 solvens
1179 3892 1241 3939 uon
1257 3876 1399 3939 remanet
1414 3870 1574 3944 liberatus,

186 3982 292 4048 Bald.
314 3985 349 4047 io
372 3984 408 4049 I.
428 3985 537 4066 freter
557 3984 687 4050 Maedi
708 4003 732 4048 o
753 4032 761 4048 .
784 4031 792 4048 .
813 4032 822 4049 .
842 3983 927 4066 tide
950 3993 1070 4051 testem
1092 3984 1197 4064 tutet,
1219 3982 1301 4063 Lep.
1324 3982 1360 4045 io
1383 3979 1471 4044 rubr.
1494 3985 1574 4042 ectr.

187 4091 231 4155 de
258 4090 422 4156 mommo.
443 4093 530 4157 iuter
551 4096 608 4158 vir.
633 4103 661 4157 et
683 4111 778 4159 umor.
799 4090 823 4179 S
845 4089 889 4155 67
912 4113 944 4160 o.
968 4091 1017 4159 12.
1587 4162 1592 4169 ,

261 4196 341 4265 .2·1.
361 4200 504 4281 Quartus
525 4207 573 4268 est
594 4219 692 4281 casus,
707 4203 834 4283 quaudo
856 4202 980 4269 debitor
1003 4201 1095 4268 solvit
1110 4201 1140 4265 ei
1154 4200 1210 4282 qni
1226 4215 1399 4279 numquam
1414 4197 1477 4264 init
1498 4212 1573 4278 pro-

188 4313 348 4388 curator,
370 4309 424 4374 sed
446 4328 505 4393 pro
527 4309 582 4376 tali
604 4327 636 4376 se
658 4312 805 4395 gerebat,
825 4316 859 4377 et
880 4311 941 4377 boc
962 4327 1035 4376 casn
1058 4328 1121 4374 non
1143 4312 1286 4374 mmenet
1309 4306 1468 4384 liberatas,
1489 4305 1525 4370 L.
1548 4304 1576 4367 st

189 4432 251 4497 09⁰
276 4413 308 4496 ff
325 4414 361 4479 αθ
383 4433 488 4498 essee.
510 4427 600 4501 pest,
626 4418 691 4485 Jos.
713 4421 749 4485 io
773 4419 808 4484 L.
829 4422 858 4484 si
877 4419 1088 4500 proeterotort
1110 4437 1143 4483 o.
1165 4418 1187 4482 b
1208 4434 1286 4481 cers.
1308 4424 1352 4481 est
1373 4432 1483 4482 mrum
1498 4414 1529 4497 ff
1538 4414 1575 4478 de

190 4519 316 4586 οοπάίι.
339 4541 425 4589 caea
446 4525 509 4591 det.

289 4633 363 4714 Neu
378 4634 463 4700 enim
485 4635 617 4703 debebat
630 4636 749 4703 solvere
763 4654 825 4701 nen
840 4635 906 4700 viso
922 4634 1133 4701 instrumento
1155 4633 1293 4700 mandati
1317 4635 1348 4698 in
1370 4631 1527 4715 publicam
1543 4634 1576 4695 et

190 4742 415 4811 authenticam
438 4745 591 4826 iormam,
614 4765 711 4828 qnam
734 4749 922 4829 procurator
945 4742 1003 4808 iste
1025 4747 1153 4810 tenetur
1173 4744 1270 4811 muru
1303 4758 1364 4806 nou
1386 4738 1575 4821 requisitus,
