3734 5750
538 403 596 471 DE
618 398 1007 468 Paocuunnoarnns.
1029 401 1118 467 CAP.
1143 402 1224 466 xit.
1500 401 1564 465 221

258 574 309 643 10.
335 577 448 643 Plures
470 581 590 640 auorcr
611 580 744 655 porrum
766 568 874 651 plures
895 579 1120 651 procuratores
1134 570 1321 634 concauus
1335 570 1379 635 ad
1390 571 1501 652 plures

393 700 510 748 caucos
532 690 634 746 motas
655 688 768 745 contra
790 678 930 742 cumdem
953 693 1131 758 pascuum.

262 792 312 858 16.
336 792 475 872 Quaado
506 792 615 873 plures
645 789 885 853 coactituuutur
914 795 1159 867 procuratores,
1185 806 1251 852 uou
1279 796 1381 870 potest
1413 807 1500 852 ⁴caru

393 917 492 982 usque
514 899 559 962 ad
579 905 700 962 certum
721 904 845 976 tempus
869 896 1028 970 constimi,
1055 904 1083 959 ct
1107 897 1222 959 eundo
1244 899 1325 961 ulter
1348 897 1392 961 ad
1415 914 1501 961 eam-

393 1007 465 1071 dcm
487 1023 628 1071 causam.

264 1115 315 1181 17.
342 1117 421 1180 Tam
453 1114 582 1197 quaudo
612 1113 809 1194 permittitur
837 1111 947 1192 plures
977 1129 1066 1192 posse
1088 1114 1238 1177 constitui
1257 1122 1501 1194 procuratores,

395 1242 495 1308 qaam
516 1222 647 1307 quaudo
669 1230 823 1302 negatur,
845 1236 969 1300 semper
991 1220 1034 1284 ad
1056 1237 1171 1285 corrue
1194 1229 1352 1286 acturam
1374 1220 1422 1284 orl
1449 1238 1504 1283 uc·

395 1334 476 1416 pacit
496 1330 684 1414 qualitatem
705 1328 839 1393 lotuur
861 1336 1026 1409 respectus.

269 1440 317 1507 18.
343 1440 478 1521 Qttoam
496 1438 606 1521 plures
628 1456 735 1503 uuum
756 1445 884 1501 tautum
907 1435 1020 1501 latrat
1048 1446 1312 1518 procuratorem,
1336 1437 1387 1500 illc
1407 1444 1504 1516 potest

393 1564 501 1612 omues
522 1546 714 1611 mundantes
736 1546 772 1607 iu
795 1543 933 1608 solidum
955 1544 1099 1626 otliparc.

289 1868 317 1935 1.
340 1783 526 1956 Proposita
549 1872 707 1957 indagatio
729 1890 791 1938 non
814 1890 961 1957 magnam
977 1874 1103 1941 videtur
1117 1873 1232 1938 habere
1246 1871 1482 1948 difficultatem,
1497 1887 1573 1934 cum

194 1975 368 2044 habeamus
387 1982 459 2063 jura
483 1982 567 2045 clare
588 1981 852 2061 demonstrantia,
867 1983 952 2064 quod
968 1983 1040 2065 qais
1062 1988 1166 2066 potest
1188 1982 1380 2048 constituere
1395 1998 1457 2044 non
1471 1979 1573 2044 solam

193 2104 301 2153 unum
330 2094 589 2171 procuratorem,
611 2091 664 2156 sed
694 2091 791 2156 etiam
823 2090 921 2170 duos,
943 2091 979 2156 Ι.
1008 2093 1066 2174 pai
1095 2092 1174 2155 duos
1203 2085 1247 2153 t7
1279 2089 1364 2172 ffdc
1384 2095 1571 2170 procurat,

194 2193 299 2259 immo
319 2196 416 2261 etiam
438 2197 563 2279 plures,
586 2198 621 2263 L.
641 2198 788 2279 plurilus
811 2195 855 2262 32
873 2199 905 2282 ff
923 2200 988 2263 cod.
1011 2200 1056 2264 tit.

290 2299 320 2368 2
343 2303 427 2368 Haec
447 2310 553 2370 tamen
574 2305 729 2371 conclusio
751 2324 812 2370 non
834 2312 882 2372 est
904 2313 1075 2389 perpetua,
1097 2308 1151 2374 sed
1173 2308 1290 2375 dantur
1304 2326 1393 2374 casua
1408 2309 1440 2372 in
1455 2308 1571 2389 quibus

194 2428 284 2476 unus
306 2417 432 2478 tantum
461 2419 510 2479 est
538 2414 775 2480 constituendus
804 2419 1011 2497 procurator,
1033 2432 1069 2479 ac
1089 2415 1196 2498 plnres
1222 2416 1369 2481 constitui
1404 2418 1575 2496 nequeunt

195 2518 348 2599 Quorum
370 2540 454 2587 unus
474 2529 523 2589 est
544 2523 576 2587 in
599 2525 702 2590 causis
732 2525 977 2589 universitatum
998 2529 1032 2589 et
1054 2522 1278 2607 collegiorum,
1300 2524 1331 2586 in
1354 2523 1470 2604 quibus
1492 2538 1575 2587 nnus

198 2630 339 2696 sindicus
357 2637 392 2697 et
414 2650 498 2698 nnus
519 2637 709 2715 procurator
730 2633 971 2697 constituendus
991 2636 1056 2710 est,
1078 2632 1134 2713 qui
1154 2632 1225 2714 J'ura
1248 2629 1370 2713 collegii
1393 2632 1426 2693 et
1448 2629 1575 2693 nniver-

197 2738 304 2805 sitatis
324 2741 455 2807 tueatur
474 2744 572 2822 atquc
595 2740 757 2819 defendat,
781 2739 874 2805 Bort.
900 2750 972 2822 post
995 2739 1091 2804 Jacob
1111 2740 1148 2803 de
1170 2739 1278 2804 Areua
1302 2740 1337 2801 io
1360 2737 1396 2800 L.
1418 2733 1442 2800 l
1462 2732 1487 2821 S
1508 2750 1576 2798 cre-

199 2847 917 2933 00000100ορ00.ιῑὸινεαι.,οεᾳιιῑιιπ
949 2847 1040 2913 Rom.
1070 2849 1106 2912 iu
1130 2845 1166 2911 L.
1192 2843 1209 2909 1
1233 2842 1257 2932 ὅ
1279 2846 1307 2910 si
1328 2852 1455 2918 auton,
1477 2845 1511 2907 et
1534 2839 1577 2906 ibi

200 2952 294 3019 Alea.
323 2964 352 3020 ct
383 2957 470 3040 Ripa
491 2959 528 3021 ia
551 2959 653 3024 ultim
676 2959 779 3024 uolat.
798 2958 830 3041 ff
847 2959 891 3023 ad
916 2956 1058 3035 cretea,
1082 2955 1177 3020 retert
1199 2959 1233 3019 et
1254 2955 1400 3035 munitur
1429 2952 1513 3015 Viae.
1535 2951 1575 3013 de

203 3060 365 3128 Fraucltis
394 3064 484 3129 decis.
506 3061 571 3129 300
594 3065 651 3130 ruo
675 3085 706 3129 a.
731 3063 770 3141 1,
794 3063 945 3130 Grotiuu.
967 3063 1056 3128 decis
1078 3063 1201 3128 Marcii.
1226 3060 1287 3124 107
1312 3080 1342 3126 u.
1365 3057 1405 3141 l,
1429 3060 1579 3126 Mastrill.

197 3170 296 3235 decis.
319 3168 383 3236 108
405 3190 437 3238 a.
462 3171 478 3236 1
504 3184 532 3239 et
555 3191 614 3257 sup.
637 3174 686 3239 lid.
706 3171 739 3238 2

296 3277 325 3345 3.
347 3280 440 3360 Quod
460 3300 522 3347 nnn
543 3300 580 3347 ea
603 3284 724 3350 ratione
748 3286 917 3366 receptum
948 3300 1014 3348 essa
1035 3283 1202 3360 existimo,
1223 3281 1307 3362 quod
1332 3280 1517 3345 universitas
1540 3279 1575 3340 et

202 3386 375 3471 andagium
405 3389 579 3457 habeantur
609 3390 677 3455 loco
707 3390 818 3470 nnius,
841 3396 879 3455 ut
910 3390 1035 3457 videtur
1065 3392 1181 3457 sentire
1208 3389 1315 3471 Auget.
1338 3391 1373 3453 iu
1397 3389 1432 3452 L.
1454 3390 1484 3451 si
1503 3388 1575 3471 quis

205 3515 283 3561 cum
296 3502 521 3578 procuratorio
543 3497 567 3585 §
590 3501 690 3564 auius
712 3517 743 3562 u.
767 3496 788 3562 3
806 3499 837 3581 fl
846 3499 883 3562 de
896 3516 1044 3580 procur,
1060 3502 1093 3564 et
1108 3497 1185 3563 dicit
1201 3498 1346 3562 Mestrilt
1361 3498 1389 3560 d.
1404 3497 1496 3560 decis.
1516 3489 1580 3556 108

204 3625 239 3670 a.
263 3603 324 3686 25,
346 3607 424 3690 quin
447 3609 551 3690 potius
572 3610 612 3674 ab
635 3608 751 3674 dictam
774 3608 928 3674 rationem
953 3607 1079 3674 videtur
1099 3624 1137 3671 eo
1158 3624 1232 3671 casn
1255 3604 1419 3670 terendum
1433 3620 1518 3681 esse,
1539 3604 1578 3664 nt

207 3714 316 3797 plnres
336 3722 558 3798 procuratores
587 3722 715 3800 possent
738 3716 888 3782 constitui
917 3720 1015 3798 prout
1037 3715 1188 3781 constitui
1216 3718 1347 3796 possum
1370 3712 1402 3775 in
1424 3708 1527 3774 causis
1547 3710 1582 3770 et

202 3819 349 3903 judiciis,
370 3827 467 3906 atque
497 3825 635 3909 negociis
662 3825 903 3907 particularium
934 3842 1158 3907 personarum,
1179 3824 1208 3888 d.
1234 3824 1268 3887 L.
1298 3823 1405 3904 plures
1427 3815 1471 3881 32
1492 3816 1579 3899 ffdo

203 3948 337 4011 procur,
367 3933 420 3998 aad
452 3933 503 3998 iila
535 3934 660 3999 videtur
690 3933 792 4010 ratio,
814 3950 908 4014 quarn
927 3943 998 4015 post
1023 3932 1114 3997 Rom.
1142 3932 1280 3996 aderunt
1311 3927 1418 3999 Alea,
1443 3925 1530 4005 Ripa
1552 3931 1579 3986 et

215 4038 303 4104 Viuc.
323 4040 361 4104 dc
382 4042 522 4106 dicaci
544 4043 575 4106 in
598 4042 673 4107 locis
693 4059 789 4124 supra
810 4040 969 4125 allegatis,
993 4041 1067 4121 auia
1088 4039 1205 4105 scilicet
1226 4041 1306 4102 essct
1330 4031 1461 4099 maximi
1484 4029 1579 4107 tedii,

207 4150 234 4213 si
268 4149 308 4214 ad
338 4151 509 4232 quemlibet
539 4156 645 4216 actum
677 4151 733 4232 qui
774 4168 831 4232 pro
863 4150 1065 4215 universitate
1096 4147 1142 4212 vel
1174 4145 1305 4227 collegio
1336 4139 1406 4226 geri
1436 4137 1581 4212 deberet,

209 4273 320 4321 ornnes
341 4258 381 4323 dc
410 4260 614 4326 universitate
635 4259 683 4324 vel
704 4258 853 4340 collegio,
876 4259 922 4322 vel
954 4257 1060 4340 plures
1090 4258 1311 4340 procuratores
1340 4268 1358 4314 a
1390 4248 1521 4332 singulis
1543 4246 1582 4311 da

209 4363 415 4432 universitate
437 4366 484 4431 vel
505 4367 636 4450 collegio
659 4366 740 4432 forte
762 4367 945 4444 constituti,
965 4371 1066 4432 esunt
1088 4363 1224 4441 citandi,
1252 4359 1337 4442 qaod
1360 4376 1422 4423 non
1444 4357 1510 4423 leve
1532 4356 1580 4420 in-

209 4472 414 4537 commodum
445 4476 558 4540 aderrc
587 4474 808 4540 animadvertit
839 4474 897 4542 JC.
928 4476 965 4539 iu
997 4475 1033 4539 L.
1055 4474 1129 4555 jum
1159 4481 1265 4537 touta
1296 4466 1320 4555 S
1350 4471 1396 4533 ita
1430 4465 1586 4547 masculi

207 4578 308 4658 judic.
331 4583 532 4648 salutatio
555 4584 592 4648 L.
615 4602 654 4648 oc
675 4586 711 4649 iu
731 4585 840 4666 plures
859 4585 890 4667 ff
907 4584 944 4648 de
966 4584 1090 4647 exuat.
1113 4582 1231 4645 artiori.

303 4682 334 4751 l.
356 4691 490 4774 Propter
511 4710 607 4773 quarn
629 4693 782 4758 rationem
804 4709 871 4757 esse
893 4692 977 4757 idem
1006 4689 1193 4755 servandum
1215 4689 1247 4752 in
1269 4686 1412 4771 pluribus
1441 4683 1504 4748 reis
1526 4682 1581 4745 de

214 4795 308 4861 bandi
329 4802 503 4880 conventis,
525 4801 603 4867 dicit
632 4800 713 4865 Viuc.
735 4801 773 4865 dc
796 4799 935 4865 Frouclr.
957 4800 985 4863 d
1008 4798 1096 4862 decis
1120 4792 1185 4859 309
1215 4796 1272 4860 sud
1293 4796 1322 4859 d.
1346 4813 1375 4856 a.
1401 4790 1418 4853 1
1443 4791 1486 4854 ad
1509 4789 1581 4869 tu,

212 4910 249 4970 ct
271 4909 417 4988 sequitur
439 4908 636 4974 muritta
658 4909 750 4975 decis.
776 4904 839 4972 108
861 4927 893 4971 u.
914 4906 946 4970 7.
