3734 5750
349 368 414 439 999
781 362 982 437 nuuovlur
1003 366 1126 435 unum
1146 366 1293 435 TRACT.

435 566 452 606 n
477 539 627 610 inhibitio
651 556 724 608 vero
745 539 887 623 legitime
902 542 1065 619 exequuta
1080 544 1188 605 masat
1202 542 1376 617 attentatu,
1393 538 1469 603 licat
1483 537 1578 603 inerit
1591 539 1724 605 6916116

346 656 375 714 a·
389 654 430 718 ab
451 655 569 717 asserto
593 652 800 732 procuratore
822 664 897 711 cum
919 646 1066 711 contione
1080 645 1120 710 de
1134 646 1421 728 6699661696.
1443 647 1480 710 in
1499 662 1597 728 pren
1608 664 1682 730 por.
1698 645 1723 712 3

348 785 366 823 c
391 781 460 844 cop.
484 760 504 824 5
526 780 559 824 6.
582 755 656 821 979

437 891 454 929 o
478 868 605 936 Etenim
620 867 660 931 ad
682 865 863 930 instantiam
887 864 1103 946 procuratoris
1124 862 1254 943 66661,
1267 864 1382 946 passim
1404 863 1501 929 datur
1523 864 1672 929 inhibitio
1686 864 1725 928 de

348 1000 365 1039 s
389 977 471 1060 stylo
494 979 613 1053 lictae,
628 971 801 1038 dnmmodo
825 972 904 1037 infra
928 972 1009 1037 dnos
1031 986 1151 1039 menses
1172 971 1283 1037 domt
1304 970 1345 1036 ds
1365 972 1523 1051 mundato,
1538 970 1723 1053 scorpion„

348 1108 366 1146 6
391 1084 501 1151 ibidem
524 1101 555 1147 tt.
578 1078 654 1146 278.

435 1213 452 1254 o
477 1191 577 1259 Sicuti
600 1188 754 1272 quidquid
778 1187 897 1253 dixerit
922 1182 1266 1255 aemmorrousae
1280 1207 1313 1252 6.
1329 1185 1370 1262 9,
1386 1189 1503 1253 snfflcit
1515 1188 1553 1253 osi
1568 1188 1720 1254 cauom

347 1326 365 1364 6
390 1298 746 1379 69666166666666
769 1295 914 1362 inhibitio
938 1296 1035 1362 fuerit
1056 1301 1253 1379 praesentata
1276 1296 1476 1379 procuratori
1497 1312 1608 1360 musae
1626 1294 1724 1374 ‚acet

347 1433 365 1472 o
389 1427 450 1475 non
473 1407 572 1474 tuerit
591 1410 753 1487 exequuta
776 1409 886 1470 contra
909 1398 1131 1489 principalem,
1155 1404 1337 1487 itidotptio.
1358 1405 1430 1470 iliu
1453 1423 1484 1468 6
1506 1400 1582 1469 aut

435 1539 453 1578 o
479 1517 666 1583 Mandatum
699 1520 808 1580 antem
840 1512 958 1579 iactum
981 1514 1020 1580 ad
1043 1515 1214 1580 revocando
1237 1519 1409 1593 attentata,
1432 1514 1623 1598 intelligitur
1644 1532 1720 1597 qna·

345 1650 363 1688 6
387 1632 480 1692 tenus
502 1625 552 1690 iliu
575 1624 696 1702 adsint,
723 1623 864 1687 inomao
888 1625 977 1687 decis
1000 1622 1122 1687 Marcio
1147 1620 1211 1685 189
1234 1640 1267 1686 o.
1291 1618 1333 1686 13
1352 1621 1477 1704 ponit

434 1732 485 1798 18.
508 1734 649 1798 infertur
671 1730 825 1810 secundo,
839 1730 926 1811 quod
947 1730 988 1795 ad
1011 1732 1159 1796 effectum
1180 1736 1220 1795 nt
1242 1734 1430 1812 procurator
1445 1728 1543 1811 possit
1564 1726 1717 1810 66663691-

344 1859 417 1906 care
438 1841 566 1906 domino
586 1857 644 1922 per
665 1838 905 1921 productionem
937 1838 1003 1905 taisi
1036 1840 1238 1904 instrumenti
1262 1837 1309 1904 voi
1331 1837 1481 1902 falsorum
1505 1839 1648 1915 1661666,
1668 1841 1716 1902 est

342 1948 551 2015 necessarium
574 1946 758 2011 mandatum
780 1946 928 2029 speciale,
947 1947 1030 2012 Rim.
1044 1949 1123 2012 166
1137 1965 1220 2012 coos.
1243 1944 1308 2011 997
1332 1965 1365 2011 6.
1388 1944 1429 2010 16
1444 1946 1496 2011 lit.
1511 1943 1543 2025 3,
1563 1946 1713 2028 666661

344 2058 518 2141 repetitam
540 2073 624 2120 cons.
646 2050 715 2119 999
736 2074 767 2119 6.
789 2051 812 2118 8
834 2056 884 2120 tio.
906 2050 937 2119 9.

434 2161 483 2226 19.
506 2162 648 2226 iniertnr
678 2162 794 2239 tertio,
817 2161 903 2242 quod
923 2179 999 2227 cum
1021 2160 1188 2244 appellanti
1210 2164 1250 2228 ab
1271 2163 1486 2244 exequutione
1508 2163 1552 2227 sit
1574 2162 1709 2245 irupoa'to

342 2291 442 2361 poena
466 2272 714 2355 quingentorum
737 2284 928 2348 aureorum,
945 2268 981 2333 L.
996 2269 1036 2334 69
1050 2272 1231 2335 socraticos
1245 2271 1281 2334 io
1295 2271 1349 2354 pist
1373 2271 1437 2334 coo.
1455 2288 1547 2352 poor.
1570 2269 1710 2351 oppetas

340 2404 408 2451 666
433 2382 546 2462 recipi,
570 2396 632 2443 non
647 2383 750 2462 potest
764 2382 954 2461 procurator
967 2378 1033 2443 sine
1047 2378 1170 2460 speciali
1186 2378 1333 2444 mandato
1347 2377 1504 2461 appellare
1518 2377 1559 2441 air
1573 2392 1709 2457 exepun-

341 2492 441 2569 tione‚
461 2487 528 2553 Soc.
547 2486 618 2552 Sco.
640 2505 724 2550 coos.
749 2478 813 2549 199
836 2505 868 2550 6.
890 2485 912 2547 7
936 2483 1164 2568 ao.1,ropo.
1187 2485 1272 2550 Aret.
1287 2504 1370 2551 coos.
1387 2482 1499 2550 1366.
1511 2482 1566 2564 91,
1580 2484 1709 2548 Berotai

341 2616 426 2663 cons.
448 2594 491 2659 99
514 2615 545 2659 6.
570 2592 612 2658 19
636 2594 686 2658 lit.
708 2590 748 2672 3,
773 2593 843 2658 not.
867 2610 950 2658 cons
981 2589 1025 2657 93
1049 2612 1080 2657 6.
1106 2591 1219 2658 titio.
1243 2591 1273 2669 1,
1297 2602 1325 2658 et
1349 2612 1431 2658 coos.
1453 2589 1498 2657 99
1520 2611 1553 2655 6.
1575 2588 1599 2654 6
1622 2599 1651 2654 et
1671 2583 1708 2650 93

341 2708 390 2773 oo.
413 2705 453 2784 9,
478 2705 561 2770 iiim.
585 2703 663 2768 Jon.
686 2721 770 2766 cons.
792 2699 857 2766 631
884 2719 916 2765 6.
937 2699 980 2765 99
1004 2701 1053 2765 99.
1075 2697 1115 2780 9,
1141 2695 1621 2776 9661966667866961,
1646 2696 1710 2761 116-

338 2837 410 2903 pon.
432 2815 522 2881 siccis.
546 2813 676 2878 966666
695 2807 736 2875 18
751 2830 782 2875 6.
799 2808 861 2891 99,
879 2808 976 2875 spru
1000 2827 1082 2875 6666
1104 2805 1170 2874 368
1192 2828 1224 2875 6
1245 2806 1267 2873 8
1290 2808 1340 2875 99.
1362 2804 1402 2886 3,
1418 2807 1519 2874 Folio.
1542 2808 1579 2870 io
1601 2822 1668 2888 cop.
1690 2800 1705 2864 1

339 2935 372 2992 6.
397 2922 438 2988 19
460 2932 539 2987 coir.
560 2930 596 2986 ot
619 2920 665 2985 to.
687 2939 753 2984 666
776 2928 948 2996 contestat,
974 2917 1091 3000 Capeti.
1117 2911 1430 2995 1961666666977,
1455 2916 1544 2984 Vaut
1559 2919 1597 2986 66
1612 2913 1709 2978 notit

340 3034 376 3097 in
399 3034 446 3096 tit.
470 3030 507 3093 de
538 3028 641 3093 nollit.
671 3046 712 3091 eo
744 3027 848 3110 desert.
880 3027 1035 3093 9696999.
1059 3025 1174 3106 ouo,
1199 3025 1565 3093 omoeoeusion
1593 3023 1709 3089 Morsu

341 3138 390 3202 99.
412 3133 433 3199 6
455 3139 499 3201 tit.
525 3134 564 3199 11
589 3138 625 3200 in
658 3133 756 3203 Gtoss,
787 3137 822 3200 to
853 3137 934 3201 sert.
962 3139 1214 3218 procuratorum
1246 3139 1277 3201 6.
1299 3131 1323 3199 9
1343 3153 1419 3202 cero.
1451 3136 1709 3220 pwdrooesiruao

339 3245 480 3327 quintus.
1166 3281 1171 3300 .

430 3349 482 3416 99.
505 3351 647 3417 lniertur
666 3358 799 3434 quarto,
814 3354 900 3434 quod
922 3370 997 3421 cunr
1019 3355 1048 3420 is
1068 3355 1124 3436 qni
1146 3354 1222 3421 tacit
1243 3356 1340 3421 alium
1357 3357 1512 3421 carcerari
1528 3356 1650 3439 injusto,
1665 3355 1711 3421 ii·

339 3464 432 3525 catur
454 3459 498 3524 illi
521 3459 668 3543 injuriam
691 3461 804 3540 iacere,
820 3462 854 3526 L.
867 3463 920 3544 ptn.
945 3462 1009 3527 cod.
1032 3464 1089 3546 poi
1103 3463 1171 3528 966.
1186 3464 1283 3528 ceder.
1301 3482 1391 3545 poss,
1412 3465 1488 3544 quia
1509 3468 1640 3545 captura
1663 3465 1711 3528 ost

339 3569 512 3651 unicuique
528 3569 744 3652 ignominiosa,
759 3569 888 3635 infamat
909 3576 943 3636 et
965 3571 1062 3637 inient
1082 3572 1232 3637 damnum
1256 3573 1521 3656 irreparabilem
1533 3578 1605 3655 post
1620 3571 1710 3636 sote

339 3681 373 3744 et
387 3677 464 3743 aiios
485 3677 564 3742 dicit
586 3677 691 3744 Neniz.
713 3695 795 3743 cons.
819 3675 864 3741 69
885 3697 917 3743 6.
939 3676 979 3758 8,
1001 3686 1035 3745 et
1057 3681 1172 3746 taciens
1192 3680 1330 3761 aliquem
1352 3680 1506 3746 carcerari
1521 3680 1648 3763 injuste,
1664 3684 1709 3744 to

337 3794 435 3853 netur
456 3803 553 3869 poena
577 3785 765 3870 injuriarum
786 3791 819 3852 ot
841 3803 974 3870 poenam
997 3794 1159 3867 meretur,
1182 3787 1269 3853 Atos.
1285 3807 1368 3853 coos
1385 3786 1427 3852 19
1441 3807 1473 3853 6.
1490 3786 1576 3854 orto
1591 3785 1624 3863 3,
1643 3786 1709 3854 Sos

343 3889 413 3960 Sco.
436 3913 520 3959 coos.
545 3890 608 3956 199
633 3912 664 3958 6.
686 3891 707 3956 6
728 3905 806 3958 octo.¹
829 3897 970 3959 6666666
993 3897 1077 3960 ratio
1098 3896 1148 3961 99.
1172 3894 1199 3961 1.

427 4002 479 4067 91.
502 4003 576 4068 ideo
608 4002 646 4066 ad
679 4002 907 4085 impetrandam
938 4008 1103 4086 capturam
1135 4006 1313 4086 requiritur
1340 4005 1473 4089 speciale
1500 4004 1710 4078 6666961666,

342 4113 409 4181 Soc.
435 4109 507 4179 Sco.
528 4114 557 4176 9.
579 4095 662 4176 coos.
688 4109 750 4174 199
772 4129 805 4176 6.
828 4112 848 4176 9
871 4129 948 4176 nero.
970 4114 1106 4176 6666666
1129 4114 1226 4195 puio,
1249 4125 1279 4178 ct·
1299 4112 1368 4179 67
1383 4132 1462 4178 aero
1482 4123 1512 4178 et
1533 4113 1621 4178 nme
1641 4109 1710 4190 api>-

338 4223 466 4285 niouem
498 4220 547 4284 99.
572 4213 751 4302 ’1,Ἀ696.
783 4217 1044 4305 1166696366
1066 4238 1098 4284 6.
1119 4217 1140 4283 3
1159 4223 1298 4288 'institut
1329 4224 1365 4287 dc
1394 4224 1528 4301 66696,
1563 4222 1713 4302 916666.

338 4345 419 4395 coos.
443 4326 507 4391 189
529 4348 561 4392 6.
583 4325 627 4391 99
649 4328 698 4392 tio.
723 4326 760 4405 1,
785 4325 861 4392 Cels.
883 4327 967 4409 Hesp.
989 4345 1073 4393 coos.
1098 4326 1161 4393 193
1184 4349 1216 4395 6.
1237 4327 1260 4393 6
1280 4348 1358 4396 vers.
1379 4332 1460 4395 arido
1482 4330 1570 4413 poco
1589 4326 1714 4412 posito,

339 4433 429 4502 Horti.
452 4453 536 4500 coos.
558 4431 621 4497 991
645 4453 677 4499 6.
702 4432 754 4510 11,
780 4434 918 4500 Cunus.
941 4438 1034 4501 oecis
1056 4437 1188 4504 Laesus.
1211 4437 1254 4503 99
1277 4459 1308 4504 6.
1330 4439 1361 4505 7.

424 4544 475 4609 99.
500 4525 606 4611 Posset
627 4549 733 4609 umen
755 4551 943 4626 procurator
964 4562 1038 4611 cnm
1061 4547 1199 4629 generati
1229 4548 1377 4614 mandato
1404 4549 1579 4629 impetrare
1601 4550 1716 4628 captur

336 4637 404 4717 l'aru
427 4649 560 4717 debitori
582 4653 718 4735 suspecti
740 4652 1056 4738 derogationum
1079 4655 1165 4724 nor.
1189 4658 1251 4721 coo
1274 4659 1332 4740 qui
1353 4659 1472 4726 66696.
1495 4677 1518 4722 6
1521 4697 1660 4730 .....
1684 4659 1716 4720 et

336 4753 475 4828 9166.
496 4779 519 4824 6
521 4808 606 4840 .....
623 4759 723 4826 soom
732 4760 827 4843 Rape.
843 4761 1057 4845 06666666
1071 4764 1214 4829 introeo.
1229 4765 1267 4830 oe
1280 4766 1367 4831 666
1381 4774 1513 4847 aspect
1527 4774 1557 4829 6
1571 4764 1717 4846 foetam

334 4870 488 4957 666669
511 4885 542 4934 6.
568 4867 584 4931 1
609 4872 644 4934 in
667 4872 738 4954 pin„
761 4869 894 4936 Geroru.
917 4872 1159 4938 9166696666
1183 4871 1246 4939 199
1268 4895 1300 4940 6.
1322 4873 1373 4940 91.
1514 4901 1517 4908 ·
