3734 5750
526 380 580 455 ΠΕ
602 387 984 456 unocunamuluus
1005 390 1221 493 3113333.
1488 389 1548 455 131

196 555 290 621 mitat
307 551 403 619 Geir.
425 554 460 621 in
481 553 511 616 3.
532 557 578 617 tit.
598 555 636 617 dc
655 572 784 635 procur.
806 555 901 619 conci.
926 553 941 617 1
967 575 999 619 a.
1023 553 1064 619 18
1086 546 1193 635 esti),
1216 558 1345 624 Montio
1367 565 1403 626 3ν
1427 568 1509 628 tacit
1524 576 1561 629 at

195 659 304 742 31333
319 667 457 738 omnent
471 659 555 723 337
572 663 617 725 tit.
631 657 699 725 33
716 658 757 723 18
771 681 846 727 cars.
870 663 923 727 scd
946 672 1052 728 wacca
1073 674 1126 739 cst,
1151 663 1290 731 nicoma.
1314 669 1340 732 3
1359 680 1551 755 ρναιαινννιρε.

197 764 237 833 33
259 787 291 832 n.
313 765 356 833 23
378 766 666 835 1321133333
689 771 879 837 cessantibus
899 789 961 835 non
984 771 1145 856 insurgere
1168 777 1452 856 praesumptionem
1466 796 1552 843 man

197 876 260 941 dati
283 876 322 941 oia
344 877 496 961 temporis
515 875 768 955 diuturnitatem,
789 895 844 942 nec
866 879 976 943 bonam
1000 880 1093 946 fidem
1107 882 1139 945 in
1153 884 1343 963 acquirente,
1366 884 1456 963 dicit,
1471 888 1552 950 mui-

190 990 243 1053 tos
264 984 418 1069 allegans,
440 989 473 1050 et
495 985 534 1049 da
555 985 655 1067 magis
674 987 831 1050 communi
853 990 1004 1053 attestans
1027 987 1121 1053 conr.
1142 991 1170 1053 3
1193 992 1327 1057 conotus.
1352 989 1369 1053 1
1394 1010 1482 1056 333.
1514 990 1553 1054 17

193 1111 268 1159 cara.
288 1095 510 1172 metensium,
534 1093 575 1157 ihi
597 1092 729 1157 tenendo
751 1093 852 1170 istam
873 1099 907 1158 ct
928 1095 1004 1160 ulios
1025 1096 1142 1161 multos
1163 1098 1201 1162 de
1222 1099 1381 1162 communi
1395 1103 1553 1177 uttestnm,

193 1203 291 1268 reteri
314 1202 505 1267 Maecenat
524 1210 718 1282 ρναναιναιρν.
739 1197 782 1264 33
804 1221 835 1265 3
859 1200 910 1267 22

283 1310 335 1377 37.
356 1312 528 1377 Limitatur
547 1311 679 1391 septimo
703 1311 730 1374 si
752 1311 835 1376 ultra
858 1310 1102 1376 clintumitatem
1125 1315 1273 1394 temporis
1294 1320 1482 1380 concurrant
1496 1314 1552 1378 aii-

194 1437 259 1501 oua
279 1419 462 1485 odmurienia
485 1422 517 1482 et
540 1419 746 1500 conjecturae,
768 1417 857 1482 Atax.
879 1436 961 1482 coos.
983 1416 1026 1481 33
1040 1438 1074 1482 3
1094 1414 1117 1481 3
1137 1419 1187 1483 rc.
1202 1417 1235 1495 7,
1263 1404 1398 1484 73333
1413 1439 1494 1484 coos
1509 1416 1553 1484 33

193 1523 278 1604 36,
303 1525 524 1606 3333333333
547 1524 716 1607 Loffrcdcc
735 1542 820 1590 cons.
841 1525 962 1608 [maol.
983 1524 1026 1588 23
1048 1545 1080 1590 3.
1093 1522 1131 1605 8,
1147 1525 1285 1591 1333333
1307 1546 1389 1593 oona
1405 1524 1447 1591 38
1461 1525 1552 1593 313

192 1632 242 1697 tit.
267 1631 295 1709 1,
325 1633 384 1699 Via.
405 1634 496 1699 333.
519 1630 585 1698 533
607 1654 639 1699 3.
660 1630 703 1697 37
724 1650 798 1714 ραν.
820 1628 852 1710 3,
875 1631 978 1712 Goon,
992 1635 1047 1714 qui
1071 1637 1207 1699 testatur
1220 1634 1260 1698 de
1275 1635 1391 1699 seriori
1406 1641 1439 1699 et
1453 1634 1551 1717 napta

188 1743 361 1820 communi,
376 1760 459 1808 eona
483 1739 547 1807 133
562 1762 595 1806 3.
610 1740 631 1805 3
646 1732 695 1807 aa
710 1739 741 1821 2,
755 1739 847 1806 Boar.
866 1743 955 1807 3333
975 1739 1039 1805 281
1062 1740 1149 1806 317
1171 1760 1247 1806 ocra.
1271 1760 1336 1805 raon
1359 1742 1455 1807 obstat
1469 1743 1553 1824 quod

190 1849 403 1927 mundatum,
435 1848 554 1915 Gozout
576 1867 659 1913 coar.
684 1848 721 1912 11
744 1869 778 1914 3
802 1847 860 1924 13,
887 1848 981 1915 Orno.
1011 1851 1049 1913 ἀν
1078 1853 1177 1932 antiq.
1199 1860 1291 1933 333
1310 1866 1382 1931 ραν.
1404 1848 1425 1910 2
1446 1868 1477 1913 3
1499 1846 1552 1928 73,

191 1957 287 2023 Gcbr.
309 1961 338 2024 3
360 1962 407 2022 tit.
429 1959 465 2021 de
485 1975 613 2038 procur.
636 1959 769 2022 conotus.
793 1956 810 2020 1
835 1977 866 2022 3.
890 1955 931 2020 13
954 1975 1030 2021 cars.
1052 1976 1138 2021 secus
1160 1967 1221 2036 eat,
1243 1956 1381 2021 33333.
1402 1956 1438 2019 da
1458 1972 1552 2037 proa-

188 2078 308 2149 sumpt.
323 2067 373 2132 36.
388 2064 616 2147 2ρνα33ν3ρ1.
631 2062 674 2130 33
688 2061 821 2129 3193
836 2063 878 2129 21
893 2082 972 2130 cers.
985 2066 1181 2138 3333313,
1205 2063 1296 2129 Coit
1320 2063 1391 2130 ἕνα.
1412 2081 1494 2127 coos
1507 2058 1552 2124 76

186 2194 221 2238 a.
245 2174 267 2237 5
289 2183 367 2255 post.
389 2174 466 2237 333
488 2191 563 2237 ocra.
586 2176 679 2237 tertio
702 2174 876 2250 commoto,
900 2173 1059 2237 Moccont
1087 2174 1124 2237 da
1153 2173 1274 2254 probet.
1294 2174 1351 2237 oct
1374 2169 1396 2233 2
1416 2171 1551 2239 emeatus.

190 2279 281 2364 1336
304 2302 336 2345 3
360 2281 412 2355 31,
435 2282 625 2346 comentem
648 2279 832 2345 Gordicctia
857 2281 976 2345 Tuscus
1005 2283 1041 2344 to
1062 2282 1152 2345 carbo
1171 2282 1361 2345 aaronem
1382 2278 1478 2343 cocci.
1508 2272 1551 2343 82

188 2408 220 2453 3
244 2385 291 2449 22
314 2402 391 2451 cera.
413 2389 541 2465 dictum,
565 2386 694 2451 313333
715 2387 751 2451 de
772 2390 855 2452 tacit.
877 2386 960 2451 337
976 2389 1021 2451 tit.
1035 2384 1058 2451 3
1072 2406 1103 2451 3
1128 2386 1178 2466 19,
1201 2389 1270 2453 Ros.
1292 2406 1400 2453 coram
1424 2385 1549 2452 coam.

190 2495 225 2558 3ι
242 2491 352 2559 (ἔναιε.
365 2494 428 2559 dac.
446 2489 487 2557 12
501 2511 533 2556 3
547 2492 570 2556 3
585 2502 614 2558 ct
628 2491 650 2555 6
664 2494 700 2557 de
713 2494 773 2558 reb.
789 2494 905 2559 Euclea.
918 2512 984 2558 noa
999 2496 1168 2570 3333333,
1192 2515 1300 2560 corum
1323 2495 1472 2577 Grapora'c
1491 2493 1554 2561 XV

190 2601 279 2665 siccis.
301 2594 348 2682 33
369 2614 401 2662 a.
424 2598 445 2661 3
466 2614 584 2677 coram,
607 2599 763 2664 Cuncttcr.
785 2601 876 2665 decia
898 2598 963 2667 382
985 2602 1059 2666 37
1082 2605 1118 2667 in
1141 2600 1552 2681 coenomanensem

190 2716 274 2786 pan.
300 2703 327 2787 1,
350 2707 439 2771 decia
461 2700 504 2770 83
529 2725 560 2769 a.
585 2704 614 2783 1,
634 2717 664 2772 et
684 2707 774 2773 cecc,
795 2704 863 2773 333
884 2727 916 2772 3
940 2708 960 2770 3
981 2728 1053 2791 ραν.
1075 2710 1106 2787 2,
1128 2722 1156 2776 et
1177 2713 1267 2775 333.
1282 2709 1326 2775 32
1346 2709 1414 2774 32
1434 2709 1551 2791 ρανν.2

191 2817 313 2894 dicare„
335 2815 408 2880 Dec.
429 2832 511 2879 coras.
535 2810 577 2878 36
600 2810 685 2894 38,
708 2812 791 2879 Noti.
812 2832 896 2879 coos
918 2812 984 2879 326
1006 2837 1037 2881 3.
1057 2815 1081 2880 7
1103 2818 1151 2882 tc.
1182 2815 1220 2897 3,
1251 2817 1385 2882 Barcina
1406 2834 1487 2881 corna
1509 2812 1552 2881 33

193 2923 412 2990 amma
536 2965 539 2970 ι

285 3057 304 3096 r
327 3034 511 3101 mustum
533 3033 745 3116 premunitus
767 3035 950 3115 praesertim
972 3036 1004 3097 in
1024 3033 1171 3111 antinum,
1184 3033 1210 3096 si
1225 3034 1403 3098 enuntiatio
1420 3031 1502 3095 iliius
1514 3046 1551 3094 ac

192 3165 211 3202 a
237 3142 352 3208 notarii
374 3143 487 3226 rogati,
508 3147 542 3206 et
562 3142 624 3206 diei
648 3142 771 3224 rugitum
789 3145 968 3216 concurrat,
993 3140 1172 3220 1333ρῆ33
1191 3158 1288 3221 ρναα.
1307 3157 1379 3222 ραν.
1404 3138 1420 3202 1
1446 3134 1551 3218 capii

192 3276 211 3312 r
236 3248 345 3316 333.

282 3382 300 3424 α
324 3360 377 3425 Ex
399 3359 592 3425 obscrrnmm
613 3358 708 3423 etiam
730 3358 892 3434 mumma,
915 3358 1040 3439 quando
1065 3363 1193 3423 actosa
1216 3362 1420 3440 procuratore
1447 3359 1552 3439 gestus

195 3489 213 3526 r
237 3467 300 3532 tuit
321 3466 375 3532 diu
398 3468 589 3543 observatam,
612 3467 823 3548 praesumitur
846 3467 1046 3546 mandatum,
1070 3467 1215 3548 Ridotpir.
1236 3467 1307 3530 soso
1329 3486 1360 3530 3.
1381 3463 1434 3530 32.

286 3596 302 3633 ι
327 3573 475 3640 Deiectus
496 3574 633 3640 mandati
655 3578 783 3638 sanatur
796 3575 875 3656 J'uris
889 3575 1194 3658 praesumptionibus
1206 3580 1239 3640 et
1254 3574 1448 3657 conjacorm
1461 3589 1550 3654 prae·

194 3704 213 3743 r
237 3682 346 3747 sertin
367 3683 393 3748 si
416 3685 486 3763 quis
508 3683 693 3748 enunciatnr
714 3687 901 3763 procurator
915 3700 989 3748 mum
1004 3684 1152 3747 mistione
1166 3683 1205 3747 ad
1221 3683 1379 3747 notarium
1393 3683 1550 3762 rogatum,

195 3811 213 3848 a
237 3793 272 3854 et
295 3794 411 3855 certam
434 3791 526 3868 diem
541 3794 575 3855 et
588 3805 627 3853 co
641 3789 740 3872 magis
761 3789 793 3852 io
816 3790 962 3872 antiqu'u,
985 3791 1165 3873 iitdotptio.
1185 3808 1280 3872 prum.
1301 3807 1372 3871 ραν.
1390 3785 1405 3850 1
1423 3804 1494 3867 cop.
1510 3781 1550 3848 13

194 3917 212 3954 r
236 3913 269 3958 3
293 3891 368 3960 333

281 3998 335 4068 38.
357 4002 529 4068 Limitatnr
549 4008 668 4082 octavo,
689 4005 716 4070 si
740 4006 772 4072 in
795 4005 1002 4071 instrumento
1024 4008 1153 4090 antiquo
1175 4006 1361 4071 enuntietur
1382 4004 1444 4069 tate
1464 4017 1551 4065 man·

192 4107 312 4174 utum
1480 4097 1489 4119 ‘

280 4212 332 4280 33.
356 4218 444 4282 Licet
464 4219 548 4283 onim
570 4219 640 4285 tuiis
661 4221 837 4286 enunciatio
859 4239 921 4286 oon
943 4223 986 4286 sit
1006 4223 1159 4287 sufficiens
1179 4223 1218 4287 ad
1246 4222 1365 4303 plenam
1393 4219 1550 4301 probatio-

193 4342 273 4405 mm,
299 4326 445 4407 Ρανραν.
467 4345 550 4394 coos.
564 4325 637 4391 118
659 4325 738 4406 niati,
753 4337 782 4392 at
796 4347 878 4394 cons.
891 4326 960 4393 323
973 4349 1005 4394 3
1019 4326 1050 4407 6,
1067 4330 1223 4395 Pccettos
1236 4345 1319 4391 coos
1337 4324 1378 4388 12
1392 4343 1424 4388 3.
1438 4321 1468 4398 3,
1486 4323 1548 4387 Da-

194 4437 276 4499 333
299 4452 381 4501 acm.
405 4431 447 4498 63
469 4454 501 4502 aa.
523 4435 567 4500 22
588 4437 639 4502 uu
658 4435 690 4515 3,
712 4436 796 4502 ltine
818 4436 894 4503 333
917 4454 1000 4501 coos.
1022 4433 1085 4500 381
1110 4455 1141 4501 a.
1155 4434 1200 4500 33
1215 4434 1264 4498 tit.
1278 4427 1311 4506 3,
1326 4442 1355 4496 at
1378 4448 1460 4497 νααν.
1484 4424 1548 4496 32)

193 4559 223 4604 sa
246 4539 270 4605 3
292 4551 320 4605 et
340 4538 364 4604 3
385 4542 435 4607 tn.
458 4541 488 4623 3,
510 4547 543 4607 et
563 4544 702 4610 diximus
721 4562 816 4628 snpm
838 4562 906 4626 ααρ.
925 4545 1131 4626 praecedenti.

278 4644 592 4730 momontum
614 4652 792 4718 enuntiatio
812 4653 868 4718 fiat
889 4652 1013 4718 notario
1035 4651 1184 4728 iunctis,
1214 4650 1304 4717 Alco.
1332 4667 1413 4712 cons.
1436 4643 1457 4707 6
1480 4639 1549 4709 38

193 4759 240 4822 tit.
261 4755 287 4823 3
309 4777 382 4825 cum
412 4761 478 4827 otiis
508 4761 648 4829 citatisa
673 4761 755 4830 Rota
785 4761 873 4827 dacia
894 4755 938 4825 33
969 4779 999 4822 n.
1021 4756 1042 4822 3
1062 4767 1131 4839 post
1166 4758 1333 4824 lnocinium
1363 4757 1399 4820 3ν
1429 4752 1550 4832 ctttput.

195 4866 338 4928 eamr,
1132 4905 1135 4908 ,
1415 4899 1419 4905 .
