3734 5750
474 414 528 482 DE
552 412 937 484 Puocutsuouluus
958 420 1049 487 dsl’.
1066 362 1255 490 lxxxviii.
1485 427 1549 492 267

273 582 322 652 18.
346 586 516 652 Limitutur
538 588 649 661 muto,
670 585 696 647 si
720 584 751 646 in
782 589 1001 665 procuratorio
1023 590 1065 655 sit
1085 591 1158 654 data
1188 599 1387 674 procuratori
1413 604 1550 680 potestas

182 700 214 760 et
236 695 366 763 lacum
395 694 492 758 alium
515 693 547 756 in
568 692 618 757 sui
639 692 743 756 locum
774 695 1002 776 substituendi,
1025 698 1125 763 Andr.
1157 700 1238 765 Guit.
1256 706 1371 784 protis.
1400 708 1548 771 obsessor,

181 804 228 868 lib.
254 802 271 865 1
294 804 443 868 oberoot.
464 797 509 864 it
530 820 562 865 n.
587 798 641 880 11,
667 800 773 865 tuom.
801 801 914 868 Treuir.
938 805 1025 869 decis
1048 803 1091 870 53
1114 827 1145 871 n.
1168 806 1189 870 6
1212 818 1240 874 et
1261 810 1283 873 7
1306 811 1355 875 lib.
1380 811 1407 876 1.

269 935 287 973 a
309 914 418 978 Potest
439 915 627 994 procurator
647 912 685 975 ad
709 910 779 976 lites
800 913 896 977 ullum
911 914 1052 998 legitime
1066 918 1257 985 substituere
1271 924 1379 1005 vigore
1394 924 1550 992 facultatis

182 1040 198 1079 r
222 1020 280 1085 sibi
302 1019 342 1085 ad
364 1019 397 1084 id
419 1020 451 1083 in
474 1019 619 1084 mandato
639 1036 657 1083 a
681 1018 843 1103 principali
868 1021 1022 1101 traditae,
1041 1024 1221 1109 Ridotpltin.
1243 1031 1279 1093 in
1297 1048 1397 1112 pras.
1417 1044 1501 1113 port.
1528 1035 1542 1098 1

181 1149 198 1187 a
223 1146 294 1210 cop.
316 1123 339 1191 3
359 1146 393 1192 n.
422 1123 486 1207 ts,
516 1127 569 1191 ubi
600 1145 642 1192 ec
672 1127 782 1195 actui.
804 1129 894 1196 decia.
916 1127 940 1194 ll
961 1151 993 1196 n.
1016 1131 1034 1195 1
1059 1144 1087 1199 et
1109 1154 1167 1218 seq.
1189 1139 1225 1201 de
1245 1157 1373 1220 procur.
1395 1143 1440 1208 ait
1461 1146 1545 1225 quod

180 1260 199 1298 a
224 1237 340 1303 habens
360 1235 440 1301 banc
461 1235 640 1300 munuum
664 1241 767 1318 potest
783 1238 981 1303 *mbstltuere
1003 1241 1099 1305 aiem
1121 1249 1192 1325 post
1213 1247 1398 1311 sententiam
1421 1250 1459 1313 ad
1491 1269 1546 1332 ap-

180 1367 198 1403 a
226 1345 419 1427 pellandum,
439 1344 511 1425 quia
534 1342 699 1426 appellatio
721 1349 865 1427 estpars
887 1347 1007 1428 primae
1030 1349 1203 1417 instantiae.

271 1475 289 1515 a
310 1455 500 1519 Procurator
519 1469 593 1516 cum
616 1452 765 1517 facultate
785 1452 997 1519 substituendi
1019 1459 1221 1536 constitutus,
1240 1467 1343 1542 potest
1357 1465 1547 1531 substituere

178 1586 197 1622 a
223 1565 318 1629 etium
338 1566 411 1627 ante
435 1562 522 1627 litem
545 1565 770 1640 mutuatam,
793 1562 976 1643 Bidotpltiu.
997 1565 1070 1628 ibid
1092 1584 1125 1629 o.
1149 1564 1201 1631 59.

268 1692 286 1730 e
309 1670 397 1735 Licet
418 1670 494 1734 olim
517 1675 599 1734 meet
620 1668 753 1733 dubium
776 1669 816 1732 de
836 1671 906 1752 jure
927 1672 1022 1751 civili,
1037 1691 1077 1737 au
1093 1681 1281 1756 procurator
1303 1694 1376 1742 cum
1401 1679 1546 1745 faculae

176 1803 193 1839 a
219 1779 428 1845 substituendi
449 1783 553 1861 posset
575 1778 766 1842 substituere
788 1782 861 1843 ante
881 1778 969 1844 litem
993 1785 1214 1860 contestatam,
1239 1782 1442 1849 nibilominus
1455 1786 1547 1849 bodio
1643 1860 1645 1863 ¹

175 1910 192 1947 a
219 1907 270 1954 res
291 1893 339 1953 ert
362 1888 464 1964 clara,
485 1887 583 1952 etiam
604 1887 644 1950 de
664 1887 735 1968 jure
757 1886 838 1951 cirili
863 1905 904 1953 ex
923 1888 1123 1972 dispositione
1151 1891 1232 1973 juris
1252 1890 1409 1964 canonici,
1438 1891 1547 1955 uiuu-

173 2016 192 2056 r
216 1996 307 2076 pbin.
330 1995 400 2059 ibid.
422 2012 454 2058 rt.
476 1988 528 2057 66.

265 2124 283 2162 a
308 2105 365 2169 Est
386 2108 493 2167 autem
513 2104 706 2181 noundum,
728 2106 812 2186 quod
836 2105 1019 2170 mundatum
1044 2106 1232 2173 insufficiens
1254 2115 1407 2191 operatur
1422 2116 1459 2174 ut
1473 2110 1546 2174 sub

172 2235 191 2270 a
218 2212 349 2277 stitutio
371 2211 413 2275 sit
442 2227 568 2291 quoque
600 2212 804 2289 insufficiens,
828 2212 897 2277 Rot.
927 2215 1016 2278 decis
1046 2210 1113 2277 672
1146 2233 1177 2278 a.
1211 2214 1252 2278 16
1278 2224 1364 2296 pert.
1387 2215 1408 2279 9
1430 2214 1546 2280 tom‘l

172 2342 192 2379 «
220 2318 348 2384 Recent.

266 2425 316 2491 19.
338 2424 431 2504 Quod
461 2428 487 2492 si
519 2432 726 2509 procurator,
750 2429 859 2510 vigore
889 2428 991 2493 dictae
1021 2429 1196 2509 facultatis,
1226 2433 1324 2498 ulium
1355 2435 1546 2511 substituat,

172 2533 360 2600 substitutio
391 2532 510 2598 dicittm
539 2533 621 2599 lacta
651 2534 689 2598 ab
722 2535 788 2616 ipso
818 2534 964 2615 domino,
984 2555 1058 2600 cum
1082 2539 1138 2603 liat
1158 2540 1266 2622 vigore
1298 2542 1454 2617 mandati,
1476 2544 1546 2609 Rot.

174 2645 266 2710 decis.
292 2638 373 2719 iil),
396 2658 478 2725 quoe
499 2652 542 2706 est
564 2639 606 2717 8,
629 2652 659 2706 ct
679 2643 770 2707 doctr.
791 2637 859 2706 t1t
880 2661 963 2725 quor
985 2654 1027 2709 cst
1051 2641 1094 2708 33
1116 2664 1148 2710 o.
1163 2644 1202 2723 2,
1220 2657 1248 2711 et
1263 2647 1352 2710 decis
1374 2642 1441 2709 let
1460 2665 1542 2728 quoe

172 2760 215 2815 est
238 2746 284 2813 38
305 2768 337 2813 n.
360 2746 382 2811 2
403 2750 439 2814 de
461 2767 590 2832 procur.
611 2753 647 2815 in
669 2769 753 2828 noo,
767 2750 937 2817 Morcobr.
959 2771 1042 2817 cons.
1064 2752 1107 2817 96
1130 2774 1162 2817 n.
1188 2729 1237 2818 16.

264 2884 282 2922 a
305 2858 400 2927 Gesta
422 2878 440 2925 a
462 2864 671 2944 procuratore
692 2860 801 2943 vigore
822 2858 982 2927 facultatis
999 2861 1228 2941 substituendi,
1243 2866 1410 2928 censentur
1425 2863 1504 2928 iacta
1526 2882 1544 2926 a

174 2994 192 3031 a
217 2971 361 3049 domiuo;
383 2969 567 3052 praesertim
590 2968 615 3034 si
639 2968 672 3032 iu
694 2967 841 3032 mandato
863 2968 1025 3049 principali
1048 2968 1162 3033 adsunt
1185 2968 1235 3031 illa
1258 2969 1368 3046 verba,
1380 2979 1480 3048 prout
1502 2987 1544 3032 cs

175 3104 193 3140 a
219 3098 308 3144 nunc
335 3081 401 3160 ipse
432 3079 611 3153 consitat,-
630 3093 713 3157 quae
743 3081 849 3141 tamen
882 3077 973 3141 verba
1004 3073 1097 3140 hodie
1128 3093 1190 3139 non
1220 3079 1295 3140 sunt
1324 3074 1365 3138 de
1392 3075 1543 3148 mentia,

174 3211 191 3248 «
219 3187 401 3268 Itidoipbin.
419 3203 516 3268 prom
536 3193 620 3268 port.
644 3183 661 3245 1
686 3202 754 3267 cop.
775 3182 797 3248 a
818 3204 850 3249 n.
872 3181 924 3250 oo.

264 3314 282 3353 r
306 3294 350 3359 Et
371 3296 397 3358 si
418 3295 610 3360 substituens
628 3294 785 3358 moriatur
805 3297 976 3375 mmquam
998 3294 1188 3359 substitutus
1210 3297 1367 3376 acceptet,
1389 3309 1450 3355 uon
1473 3291 1544 3354 ideo

177 3425 194 3462 a
217 3403 345 3484 expirat
366 3402 568 3481 substitutio,
589 3400 761 3466 dummodo
791 3400 983 3466 substitutus
1005 3403 1145 3482 acceptet
1176 3400 1297 3466 vivente
1317 3398 1462 3475 domino,
1487 3395 1543 3461 lit-

177 3533 193 3569 «
216 3509 356 3590 delphin.
376 3509 448 3574 ibid
469 3528 502 3572 u.
522 3506 574 3572 61.

264 3637 283 3676 a
306 3615 367 3684 Sed
390 3615 450 3681 hoc
471 3634 533 3680 uon
555 3615 697 3698 procedit
719 3617 750 3680 in
771 3618 995 3683 substitutione
1017 3617 1097 3681 lacta
1120 3633 1138 3680 a
1160 3623 1367 3699 procuratore
1382 3622 1542 3697 tamquam

176 3747 194 3783 a
219 3722 346 3787 domino
368 3724 433 3789 litis
452 3724 581 3803 eliceto,
604 3725 678 3805 quia
701 3724 750 3789 illa
773 3727 899 3807 expirat
920 3730 1025 3792 morte
1038 3727 1273 3806 substituentis,
1287 3728 1313 3792 si
1329 3728 1486 3793 moriatur
1509 3740 1542 3785 rc

174 3851 192 3889 a
217 3830 340 3913 integra
362 3835 530 3911 auoeqaam
552 3832 745 3897 substitutus
765 3838 924 3916 acceptet,
946 3835 1056 3899 ibidem
1078 3853 1110 3898 n.
1132 3832 1186 3899 62.

260 3934 315 4000 20.
337 3936 401 4003 lsta
421 3941 530 4003 autem
554 3938 683 4003 lucultm
705 3938 805 4005 denda
827 3946 875 4008 est
896 3943 1045 4024 explicite
1066 3948 1100 4008 et
1120 3960 1283 4026 expresse,
1313 3960 1380 4024 urp.
1403 3940 1498 4008 olem,
1521 3939 1538 4002 1

176 4047 209 4108 in
229 4047 286 4127 fin.
308 4045 344 4109 de
364 4046 510 4128 praeben

262 4151 316 4219 21.
337 4154 402 4219 lieo
423 4156 539 4220 sullicit
559 4156 642 4236 quod
666 4155 718 4220 illu
742 4155 867 4221 videtur
889 4157 984 4222 tacite
1012 4158 1243 4234 subintellecta,
1267 4161 1305 4220 ut
1325 4173 1387 4218 uon
1410 4155 1541 4219 maure

175 4264 269 4329 sentit
292 4263 362 4328 Ilot.
385 4264 475 4329 decis
496 4260 562 4327 ato
584 4280 666 4347 poue
685 4273 732 4329 eat
752 4260 796 4328 23
816 4265 852 4328 de
871 4282 1003 4346 procur.
1022 4267 1059 4330 io
1082 4267 1199 4347 antip,
1220 4265 1253 4327 in
1276 4279 1338 4343 qua
1372 4261 1434 4326 luit
1455 4277 1539 4326 reso-

176 4372 298 4452 lutum,
320 4373 404 4454 quod
427 4374 452 4438 si
474 4371 620 4438 dominus
642 4374 673 4438 in
695 4374 914 4456 procuratorio
937 4376 1104 4458 promittat
1126 4373 1263 4437 relevare
1284 4370 1323 4435 ab
1341 4385 1435 4432 onere
1449 4367 1538 4433 satis

177 4483 269 4547 dandi
300 4486 366 4548 um
393 4484 496 4566 ipsum
526 4486 764 4566 procuratorem
793 4484 1021 4561 constitutum,
1049 4498 1145 4562 qum
1168 4480 1207 4545 ab
1227 4496 1265 4544 eo
1289 4475 1539 4552 substituendos,

178 4607 236 4652 non
256 4594 426 4673 propterea
450 4595 596 4656 censetur
618 4590 662 4655 illi
687 4588 805 4656 decue
825 4589 1007 4657 mculmtem
1031 4588 1258 4668 substituendi3
1278 4604 1350 4652 nam
1374 4586 1423 4650 ilia
1447 4585 1538 4650 verba

179 4715 274 4779 mom
296 4698 336 4762 ab
356 4717 391 4762 eo
414 4699 641 4765 miserandos
662 4716 724 4765 uou
744 4704 820 4764 sant
842 4699 874 4762 in
890 4702 981 4781 parte
994 4695 1187 4779 disparium,
1203 4712 1260 4759 uec
1273 4692 1451 4777 dispositive
1466 4709 1539 4774 pro

178 4800 256 4881 lata,
279 4803 333 4870 sed
355 4808 562 4890 suppositivo:
585 4807 676 4873 erbe
699 4812 806 4874 autem
827 4823 909 4887 puae
922 4805 1040 4887 aliquid
1054 4807 1253 4887 supponam,
1272 4803 1347 4869 nihil
1371 4804 1539 4885 summat

181 4929 331 4995 supereo
354 4915 438 4995 qued
468 4922 665 4999 supponunt,
687 4932 754 4996 orp.
780 4914 853 4979 Teu.
876 4916 911 4977 in
936 4912 971 4978 L.
985 4930 1026 4978 cc
1045 4915 1131 4996 socw
1157 4909 1172 4975 1
1193 4910 1224 4993 ff
1241 4912 1277 4976 de
1297 4911 1419 4974 Meet
1441 4905 1538 4970 istud.
