3734 5750
278 405 283 414 ·
315 393 381 462 aas
744 375 945 454 nanuum
968 385 1091 455 CENcl
1112 388 1259 456 unser.

406 584 423 622 r
448 561 480 627 Si
504 576 577 625 vero
601 558 782 622 mandatum
813 559 955 623 continet
984 559 1122 640 lnratam
1152 559 1388 640 promissionem
1415 567 1486 625 non'
1504 563 1687 639 revocandi,

317 699 335 738 s
359 680 416 739 aut
438 669 585 737 mandans
606 666 751 732 adhibuit
772 665 949 732 canthelsm
973 667 1122 732 traditam
1145 685 1200 749 per
1233 668 1351 732 Vivioo.
1366 668 1415 732 tib.
1431 667 1452 731 ὅ
1467 687 1538 752 cop.
1552 667 1574 733 6
1590 691 1622 734 a.
1635 670 1690 748 ab,

316 806 334 845 a
359 778 517 847 obtinendi
538 775 764 841 absolutionem
786 792 805 838 a
826 775 1023 856 iuramento,
1045 780 1079 840 et
1101 775 1220 857 pariter
1243 780 1341 841 cessat
1361 779 1463 842 omnis
1486 778 1631 846 dubietas
1654 785 1691 845 nt

239 962 243 984 ι
318 913 336 954 «
362 887 547 973 principalis,
570 902 631 949 non
653 888 760 948 autem
783 884 1000 965 procuratoris
1020 884 1228 965 praesentatio
1251 884 1372 949 attendi
1392 903 1428 949 ao
1444 885 1619 967 praevalere
1633 885 1690 951 de-

319 1025 336 1062 a
361 1001 450 1077 beat,
472 996 498 1061 si
521 1010 595 1059 vero
617 993 700 1057 dicta
724 991 844 1056 cautela
867 989 1006 1056 adbibita
1029 1009 1092 1056 non
1113 998 1171 1064 est
1191 997 1224 1057 et
1248 995 1324 1056 tunc
1345 994 1488 1073 quamvis
1510 993 1560 1058 dle
1581 992 1689 1060 subia-

317 1135 336 1172 s
358 1109 422 1173 ciat
442 1103 593 1187 perjurio,
614 1099 718 1165 adbuc
740 1106 846 1164 tamen
867 1101 1058 1181 presentatio
1081 1101 1206 1182 patroni
1228 1099 1404 1181 praevalet,
1425 1117 1497 1164 cum
1519 1100 1549 1163 in
1573 1098 1685 1182 bujus·

318 1213 447 1279 smodi
468 1210 592 1295 juribus
622 1208 856 1291 spiritualibus,
887 1209 1152 1289 quemadmodum
1184 1210 1251 1275 sine
1280 1227 1433 1275 consensu
1464 1210 1615 1275 ordinarii
1639 1209 1684 1273 vel

317 1347 335 1384 α
359 1321 489 1387 alterius
511 1318 684 1401 superioris
713 1336 775 1381 non
797 1311 893 1382 datur
915 1319 1079 1384 translatio
1097 1318 1149 1394 ¹nel
1170 1318 1230 1382 alia
1252 1318 1414 1401 dispositio
1433 1319 1514 1400 juris
1541 1324 1687 1400 petrona

318 1453 338 1491 s
360 1435 430 1507 tus,
454 1428 496 1493 ita
519 1426 599 1491 alter
621 1430 711 1519 actus
733 1426 944 1492 irrevocabilis
966 1426 1035 1491 dari
1056 1445 1118 1491 non
1140 1427 1242 1507 debat,
1265 1433 1336 1493 tum
1359 1429 1400 1494 ob
1421 1430 1578 1494 mianum
1602 1429 1686 1493 irau-

314 1561 339 1600 ·«
362 1539 410 1604 dis
432 1535 513 1619 quae
544 1536 694 1601 simoniae
726 1535 795 1600 fieri
826 1540 948 1618 posset,
968 1540 1002 1600 et
1025 1553 1063 1599 ne
1086 1536 1203 1601 directe
1233 1535 1447 1618 prohibitum,
1470 1536 1514 1600 ita
1537 1535 1686 1601 indirecte

317 1670 335 1709 c
358 1653 528 1727 sequutum
551 1641 739 1708 tumetium
762 1660 803 1707 er
827 1645 928 1727 magis
951 1645 1087 1727 generali
1111 1645 1232 1710 ratione
1254 1660 1394 1727 congrua
1417 1663 1480 1709 non
1502 1644 1605 1710 solum
1627 1644 1684 1710 bn·

317 1779 334 1819 n
357 1755 493 1840 jusmodi
514 1753 636 1836 iuribus
658 1751 888 1834 spiritualibus,
912 1754 965 1818 md
987 1753 1083 1818 etiam
1107 1753 1246 1832 incudis,
1266 1754 1393 1830 officiis,
1414 1753 1490 1818 loeis
1512 1753 1685 1830 montium,

316 1889 335 1928 a
359 1864 489 1945 aliisque
508 1861 631 1942 iuribus
658 1860 831 1944 regalibus,
852 1860 885 1924 in
907 1860 1006 1925 libero
1028 1862 1217 1926 commercio
1239 1864 1306 1928 sine
1326 1862 1458 1928 alterius
1479 1879 1603 1928 assemu
1626 1880 1684 1926 non

317 1995 338 2035 a
359 1971 587 2051 existentibus,
601 1974 640 2035 nt
660 1986 784 2052 semper
805 1973 894 2034 actus
916 1976 1079 2036 remaneat
1101 1959 1321 2055 imperfectus,
1336 1978 1371 2039 at
1391 1977 1619 2055 comaqoenter
1636 1989 1683 2036 ro

316 2101 333 2144 s
360 2080 521 2158 vocabilis,
543 2096 579 2142 ac
601 2095 663 2140 non
686 2076 903 2160 obligatorius,
927 2095 1027 2159 usqne
1050 2097 1114 2160 quo
1136 2082 1336 2164 superveniat
1355 2097 1498 2147 assensus
1520 2084 1577 2162 qui
1598 2081 1681 2145 ilum

315 2214 335 2252 a
359 2190 501 2274 perficit,
523 2206 559 2252 ao
582 2188 702 2251 animat
723 2191 756 2251 et
779 2184 935 2250 informat.
1028 2229 1030 2236 -

404 2321 421 2359 s
446 2297 610 2376 Quatenus
632 2311 706 2359 vcro
729 2294 836 2377 ignota
860 2295 1057 2370 revocatione
1088 2301 1152 2362 tam
1185 2298 1403 2380 procuratori,
1425 2314 1522 2378 qnam
1544 2312 1684 2379 praesen

317 2433 335 2470 «
360 2413 436 2485 tato,
457 2424 494 2470 ac
516 2405 611 2470 etiarn
634 2402 794 2467 ordinario
814 2407 975 2484 scoeptata
996 2404 1039 2469 sit
1053 2406 1262 2506 praesentatio
1280 2405 1494 2487 procuratoris
1516 2420 1592 2468 cum
1613 2401 1681 2467 snb

314 2540 334 2580 a
360 2519 491 2596 sequuta
517 2511 732 2588 institutione,
755 2515 832 2574 tuno
853 2509 938 2576 cadit
970 2511 1127 2578 dubitatio
1148 2531 1189 2577 an
1211 2514 1241 2576 in
1263 2513 1322 2578 bus
1344 2515 1474 2578 materia
1506 2513 1627 2579 intrent
1649 2529 1680 2576 es

317 2647 335 2685 s
358 2638 439 2705 qnae
461 2620 611 2683 babemus
633 2620 664 2681 in
687 2618 895 2700 resignatione
918 2621 1148 2686 Beneficiorum
1170 2621 1470 2698 daemonicorum,
1492 2623 1557 2686 sive
1572 2622 1605 2683 in
1620 2638 1681 2684 ma-

316 2757 334 2797 s
359 2729 527 2807 trimonio,
550 2727 598 2794 sel
620 2726 726 2810 potius
746 2743 782 2791 ea
806 2744 890 2807 quas
909 2729 1061 2794 babemm
1082 2729 1114 2792 in
1137 2729 1276 2812 profanis
1304 2729 1570 2804 indifferentibus,
1592 2733 1682 2809 atqu

317 2837 550 2925 «probabilior
581 2835 708 2902 videtur
737 2834 813 2900 naec
843 2837 977 2903 soeunda
1009 2855 1097 2920 pars,
1129 2856 1168 2903 na
1202 2839 1380 2906 ordinarius
1404 2857 1440 2906 ac
1468 2842 1682 2923 praesentatis

317 2977 334 3013 a
359 2949 539 3022 eludantur,
560 2963 634 3010 cnm
655 2949 807 3029 pauonus
827 2944 905 3009 nibil
926 2945 982 3010 det
1003 2946 1244 3028 spiritualitatis,
1266 2948 1408 3028 quamve
1430 2952 1521 3012 actus
1541 2964 1599 3028 pro
1620 2942 1681 3026 spi·

316 3080 334 3120 s
359 3055 468 3122 rituali
490 3054 643 3118 habentur
665 3051 704 3116 sd
726 3052 825 3118 dictu
856 3053 931 3119 alins
954 3053 1084 3119 allectus
1106 3052 1194 3121 illam
1216 3057 1401 3138 praesertim
1426 3055 1609 3139 suspicionis
1638 3053 1680 3117 si·

317 3186 335 3227 «
360 3163 491 3229 moniae.
513 3159 626 3226 nonus
649 3167 753 3225 tamen
774 3161 893 3225 occasio
911 3180 974 3226 non
1003 3162 1091 3229 dedit
1120 3165 1355 3247 particulariter
1385 3164 1416 3229 id
1444 3165 1612 3247 disputare,
1633 3161 1681 3224 id-

315 3301 333 3338 «
358 3275 442 3340 circo
465 3271 624 3337 maturius
643 3268 797 3355 judicium
820 3287 954 3350 reservo,
976 3270 1074 3341 cord
1097 3273 1134 3335 ds
1157 3273 1235 3338 Lus.
1255 3275 1292 3338 ds
1310 3273 1386 3353 jure
1400 3282 1531 3355 patron.
1550 3264 1681 3336 &subt

317 3406 334 3444 u
360 3402 392 3446 rt.
417 3377 467 3444 13.
794 3412 799 3421 ·

403 3512 421 3551 o
446 3493 638 3556 Procurator
659 3484 766 3556 autem
788 3493 987 3572 maesentans
1008 3491 1100 3557 debet
1120 3491 1272 3558 exbibete
1292 3491 1473 3557 mandatnm
1498 3490 1582 3554 intra
1603 3490 1681 3551 tnn-

316 3604 334 3661 ἀ
359 3612 418 3683 pas
431 3616 449 3663 a
463 3600 535 3681 jura
556 3599 794 3681 prnmaiptum,
809 3598 883 3665 alias
905 3600 1114 3681 praesentatio
1128 3605 1177 3666 est
1189 3601 1283 3666 nulla.
1298 3599 1395 3680 Quos
1414 3605 1521 3665 umes
1542 3595 1681 3679 propedit

316 3712 393 3774 «in
421 3708 668 3792 praesentatione
700 3708 779 3772 lacta
810 3724 867 3789 per
896 3713 1137 3788 procuratorem
1167 3708 1282 3791 privati
1312 3708 1434 3790 patroni
1464 3705 1617 3782 amunta,
1637 3700 1682 3766 nst

317 3842 336 3882 s
359 3821 456 3886 etiam
486 3817 676 3899 praesentis,
699 3816 743 3882 lta
766 3822 799 3882 et
820 3816 926 3881 taliter
956 3816 1041 3896 quod
1063 3816 1103 3883 de
1125 3818 1192 3899 alus
1223 3816 1384 3881 voluntate
1404 3813 1542 3881 dubitari
1566 3812 1683 3883 valed,

316 3950 334 3992 a
358 3942 445 3994 secus
467 3931 574 3991 autem
600 3926 652 3990 ubi
675 3925 784 4008 agitur
814 3924 853 3988 de
875 3925 1062 4007 corporibus
1094 3926 1319 3991 universalibus
1339 3925 1511 4005 inquibus
1529 3922 1599 3987 deri
1621 3935 1682 3984 nor

315 4062 333 4098 s
357 4040 461 4121 potest
483 4034 650 4117 explicatio
672 4038 762 4098 actus
783 4049 841 4115 per
862 4033 1009 4115 seipsum,
1031 4034 1083 4097 sed
1107 4051 1163 4115 per
1184 4048 1306 4098 necesse
1328 4031 1552 4097 idinoiendum
1565 4034 1614 4093 est
1628 4042 1683 4107 pet

317 4168 334 4207 o
360 4146 551 4222 ministrnm,
567 4143 633 4226 ipso
647 4158 780 4225 corpore
802 4141 833 4205 ln
855 4142 924 4205 loco
946 4141 1120 4220 existente,
1134 4160 1152 4206 a
1166 4160 1231 4224 quo
1253 4147 1344 4209 aetus
1363 4139 1541 4222 expliastnr
1563 4132 1686 4217 publioe

318 4272 336 4313 «
359 4258 393 4317 et
415 4251 526 4334 palam,
546 4251 624 4316 ndeo
647 4253 686 4314 nt
707 4254 869 4330 umquam
891 4251 923 4313 ln
945 4253 1019 4315 actu
1042 4249 1175 4315 labente
1197 4251 1331 4333 sparton
1349 4249 1475 4328 notorii,
1497 4244 1611 4310 (adem
1624 4258 1685 4306 sos

317 4384 335 4422 a
360 4361 460 4426 velent
483 4360 673 4425 incertitudo
695 4359 863 4424 voluntatis
886 4359 1186 4441 principalis,cujus
1206 4359 1328 4423 ratione
1349 4358 1432 4423 diota
1454 4352 1614 4419 conclusio
1637 4351 1687 4414 in·

315 4488 336 4528 ἀ
352 4469 435 4532 'nixa
457 4473 504 4532 est
527 4468 565 4532 ad
588 4469 686 4532 instar
707 4484 819 4531 emam
840 4482 921 4548 qnae
943 4466 1094 4532 hammus
1116 4466 1155 4531 de
1174 4468 1358 4531 necessitate
1381 4464 1580 4530 incumbente
1601 4458 1687 4524 dele-

317 4598 334 4634 «
360 4579 439 4658 gato*
463 4575 631 4639 exhibendi
662 4592 751 4640 snam
781 4566 1029 4659 delegationem,
1053 4581 1091 4640 ut
1116 4575 1213 4639 valide
1236 4574 1402 4658 prooednt,
1421 4572 1508 4655 qnod
1530 4574 1634 4637 oemt
1655 4569 1688 4632 in

317 4706 335 4743 a
359 4684 480 4748 notibus
502 4685 559 4764 qni
582 4684 657 4749 flunt
679 4684 745 4766 ipso
767 4683 931 4767 delegante
954 4690 1125 4767 praesente,
1146 4700 1218 4749 cum
1241 4683 1405 4762 similibus,
1420 4681 1517 4748 cura
1539 4680 1588 4744 Ile
1610 4677 1691 4742 noe

317 4796 343 4851 α’
357 4788 397 4856 de
413 4789 489 4869 jore
507 4801 635 4871 patron.
656 4791 731 4856 disc.
753 4788 796 4855 dl
821 4811 853 4856 n.
877 4789 926 4855 1⁷.
1133 4812 1135 4821 ‘
1223 4812 1228 4823 ·

403 4899 432 4964 9.
454 4898 536 4977 Quia
557 4906 605 4966 est
626 4900 770 4981 donatio,
793 4901 877 4968 unde
899 4918 979 4983 opus
1000 4904 1048 4965 est
1069 4900 1217 4966 mandato
1235 4901 1368 4985 speciali,
1390 4915 1458 4982 cup.
1471 4898 1583 4964 wasto
1607 4906 1692 4961 srtr.
1851 4886 1852 4941 l
