<?xml version="1.0" encoding="UTF-8"?>
<!DOCTYPE html PUBLIC "-//W3C//DTD XHTML 1.0 Transitional//EN"
    "http://www.w3.org/TR/xhtml1/DTD/xhtml1-transitional.dtd">
<html xmlns="http://www.w3.org/1999/xhtml" xml:lang="en" lang="en">
 <head>
  <title>
</title>
<meta http-equiv="Content-Type" content="text/html;charset=utf-8" />
  <meta name='ocr-system' content='tesseract 3.04.00' />
  <meta name='ocr-capabilities' content='ocr_page ocr_carea ocr_par ocr_line ocrx_word'/>
</head>
<body>
  <div class='ocr_page' id='page_1' title='image "./tractatusdeproc00cencgoog_0494.png"; bbox 0 0 3734 5750; ppageno 0'>
   <div class='ocr_carea' id='block_1_1' title="bbox 757 336 1274 407">
    <p class='ocr_par' dir='ltr' id='par_1_1' title="bbox 757 336 1274 407">
     <span class='ocr_line' id='line_1_1' title="bbox 757 336 1274 407; baseline -0.01 0"><span class='ocrx_word' id='word_1_1' title='bbox 757 336 959 407; x_wconf 80' lang='lat' dir='ltr'><strong><em>Luuovlcl</em></strong></span> <span class='ocrx_word' id='word_1_2' title='bbox 981 336 1102 405; x_wconf 80' lang='lat' dir='ltr'>CENCI</span> <span class='ocrx_word' id='word_1_3' title='bbox 1128 337 1274 406; x_wconf 74' lang='lat' dir='ltr'><strong><em>Tucca.</em></strong></span> 
     </span>
    </p>
   </div>
   <div class='ocr_carea' id='block_1_2' title="bbox 396 508 1644 2761">
    <p class='ocr_par' dir='ltr' id='par_1_2' title="bbox 398 508 1637 703">
     <span class='ocr_line' id='line_1_2' title="bbox 398 508 1637 591; baseline -0.003 -14"><span class='ocrx_word' id='word_1_4' title='bbox 398 510 447 577; x_wconf 80' lang='lat' dir='ltr'><strong><em>tt.</em></strong></span> <span class='ocrx_word' id='word_1_5' title='bbox 471 512 598 577; x_wconf 75' lang='lat' dir='ltr'><strong><em>Habeas</em></strong></span> <span class='ocrx_word' id='word_1_6' title='bbox 620 510 809 575; x_wconf 78' lang='lat' dir='ltr'><strong><em>maudmum</em></strong></span> <span class='ocrx_word' id='word_1_7' title='bbox 833 527 907 572; x_wconf 89' lang='lat' dir='ltr'><strong><em>cum</em></strong></span> <span class='ocrx_word' id='word_1_8' title='bbox 930 508 1026 573; x_wconf 82' lang='lat' dir='ltr'><strong><em>liicra</em></strong></span> <span class='ocrx_word' id='word_1_9' title='bbox 1048 525 1069 570; x_wconf 92' lang='lat' dir='ltr'><strong><em>a</em></strong></span> <span class='ocrx_word' id='word_1_10' title='bbox 1093 508 1163 590; x_wconf 77' lang='lat' dir='ltr'><strong><em>lupe,</em></strong></span> <span class='ocrx_word' id='word_1_11' title='bbox 1186 508 1324 586; x_wconf 84' lang='lat' dir='ltr'><strong><em>domiuo,</em></strong></span> <span class='ocrx_word' id='word_1_12' title='bbox 1347 509 1521 591; x_wconf 66' lang='lat' dir='ltr'><strong><em>cursitando</em></strong></span> <span class='ocrx_word' id='word_1_13' title='bbox 1537 528 1637 591; x_wconf 85' lang='lat' dir='ltr'><strong><em>prae-</em></strong></span> 
     </span>
     <span class='ocr_line' id='line_1_3' title="bbox 525 623 660 703; baseline 0 -17"><span class='ocrx_word' id='word_1_14' title='bbox 525 623 660 703; x_wconf 72' lang='lat' dir='ltr'><strong><em>judicat</em></strong></span> 
     </span>
    </p>

    <p class='ocr_par' dir='ltr' id='par_1_3' title="bbox 398 726 1640 920">
     <span class='ocr_line' id='line_1_4' title="bbox 398 726 1640 814; baseline -0.002 -19"><span class='ocrx_word' id='word_1_15' title='bbox 398 732 448 798; x_wconf 82' lang='grc'><strong>15.</strong></span> <span class='ocrx_word' id='word_1_16' title='bbox 477 733 575 808; x_wconf 85' lang='lat' dir='ltr'><strong><em>Tutor</em></strong></span> <span class='ocrx_word' id='word_1_17' title='bbox 597 747 635 794; x_wconf 89' lang='lat' dir='ltr'><strong><em>aa</em></strong></span> <span class='ocrx_word' id='word_1_18' title='bbox 656 731 722 814; x_wconf 73' lang='lat' dir='ltr'><strong><em>ficei</em></strong></span> <span class='ocrx_word' id='word_1_19' title='bbox 753 738 946 812; x_wconf 89' lang='lat' dir='ltr'><strong><em>procurator</em></strong></span> <span class='ocrx_word' id='word_1_20' title='bbox 977 727 1091 792; x_wconf 83' lang='lat' dir='ltr'><strong><em>ladem</em></strong></span> <span class='ocrx_word' id='word_1_21' title='bbox 1123 726 1252 792; x_wconf 76' lang='lat' dir='ltr'><strong><em>liberam</em></strong></span> <span class='ocrx_word' id='word_1_22' title='bbox 1282 726 1595 795; x_wconf 67' lang='lat' dir='ltr'><strong><em>administrationem</em></strong></span> <span class='ocrx_word' id='word_1_23' title='bbox 1618 749 1640 794; x_wconf 93' lang='lat' dir='ltr'><strong><em>a</em></strong></span> 
     </span>
     <span class='ocr_line' id='line_1_5' title="bbox 530 840 601 920; baseline -0.014 -18"><span class='ocrx_word' id='word_1_24' title='bbox 530 840 601 920; x_wconf 81' lang='lat' dir='ltr'><strong><em>lcpe.</em></strong></span> 
     </span>
    </p>

    <p class='ocr_par' dir='ltr' id='par_1_4' title="bbox 399 944 1640 1026">
     <span class='ocr_line' id='line_1_6' title="bbox 399 944 1640 1026; baseline -0.002 -14"><span class='ocrx_word' id='word_1_25' title='bbox 399 946 449 1012; x_wconf 84' lang='grc'><strong>16.</strong></span> <span class='ocrx_word' id='word_1_26' title='bbox 473 947 600 1011; x_wconf 80' lang='lat' dir='ltr'><strong><em>Halous</em></strong></span> <span class='ocrx_word' id='word_1_27' title='bbox 614 945 1062 1026; x_wconf 76' lang='lat' dir='ltr'><strong><em>mandatumadoeeipieudas</em></strong></span> <span class='ocrx_word' id='word_1_28' title='bbox 1076 952 1190 1008; x_wconf 89' lang='lat' dir='ltr'><strong><em>mutuo</em></strong></span> <span class='ocrx_word' id='word_1_29' title='bbox 1202 944 1356 1025; x_wconf 72' lang='lat' dir='ltr'><strong><em>pecunias</em></strong></span> <span class='ocrx_word' id='word_1_30' title='bbox 1372 944 1407 1006; x_wconf 88' lang='lat' dir='ltr'><strong><em>iu</em></strong></span> <span class='ocrx_word' id='word_1_31' title='bbox 1423 953 1547 1009; x_wconf 84' lang='lat' dir='ltr'><strong><em>certam</em></strong></span> <span class='ocrx_word' id='word_1_32' title='bbox 1560 963 1640 1009; x_wconf 88' lang='lat' dir='ltr'><strong><em>cuu-</em></strong></span> 
     </span>
    </p>

    <p class='ocr_par' dir='ltr' id='par_1_5' title="bbox 396 1036 1636 1244">
     <span class='ocr_line' id='line_1_7' title="bbox 396 1036 1636 1137; baseline -0.006 -16"><span class='ocrx_word' id='word_1_33' title='bbox 396 1036 399 1041; x_wconf 17' lang='grc'><strong><em>4</em></strong></span> <span class='ocrx_word' id='word_1_34' title='bbox 530 1073 600 1120; x_wconf 86' lang='lat' dir='ltr'><strong><em>sam</em></strong></span> <span class='ocrx_word' id='word_1_35' title='bbox 623 1056 817 1137; x_wconf 61' lang='lat' dir='ltr'><strong><em>scopanda,</em></strong></span> <span class='ocrx_word' id='word_1_36' title='bbox 840 1072 886 1119; x_wconf 86' lang='lat' dir='ltr'><strong><em>aa</em></strong></span> <span class='ocrx_word' id='word_1_37' title='bbox 908 1054 982 1118; x_wconf 86' lang='lat' dir='ltr'><strong><em>illas</em></strong></span> <span class='ocrx_word' id='word_1_38' title='bbox 1012 1051 1194 1133; x_wconf 87' lang='lat' dir='ltr'><strong><em>accipiendo</em></strong></span> <span class='ocrx_word' id='word_1_39' title='bbox 1224 1052 1390 1115; x_wconf 85' lang='lat' dir='ltr'><strong><em>domiuum</em></strong></span> <span class='ocrx_word' id='word_1_40' title='bbox 1422 1050 1530 1132; x_wconf 73' lang='lat' dir='ltr'><strong><em>cilicet</em></strong></span> <span class='ocrx_word' id='word_1_41' title='bbox 1551 1054 1579 1114; x_wconf 80' lang='lat' dir='ltr'><strong><em>si</em></strong></span> <span class='ocrx_word' id='word_1_42' title='bbox 1600 1053 1636 1114; x_wconf 86' lang='lat' dir='ltr'><strong><em>ic</em></strong></span> 
     </span>
     <span class='ocr_line' id='line_1_8' title="bbox 531 1166 996 1244; baseline -0.004 -17"><span class='ocrx_word' id='word_1_43' title='bbox 531 1166 631 1228; x_wconf 90' lang='lat' dir='ltr'><strong><em>otiam</em></strong></span> <span class='ocrx_word' id='word_1_44' title='bbox 653 1181 706 1228; x_wconf 88' lang='lat' dir='ltr'><strong><em>eas</em></strong></span> <span class='ocrx_word' id='word_1_45' title='bbox 730 1171 831 1244; x_wconf 80' lang='lat' dir='ltr'><strong><em>erepet</em></strong></span> <span class='ocrx_word' id='word_1_46' title='bbox 853 1177 996 1226; x_wconf 81' lang='lat' dir='ltr'><strong><em>coucam</em></strong></span> 
     </span>
    </p>

    <p class='ocr_par' dir='ltr' id='par_1_6' title="bbox 401 1267 1636 1449">
     <span class='ocr_line' id='line_1_9' title="bbox 401 1267 1636 1350; baseline -0.008 -11"><span class='ocrx_word' id='word_1_47' title='bbox 401 1276 450 1340; x_wconf 90' lang='lat'><strong><em>17.</em></strong></span> <span class='ocrx_word' id='word_1_48' title='bbox 477 1273 681 1340; x_wconf 75' lang='lat' dir='ltr'><strong><em>Praedictum</em></strong></span> <span class='ocrx_word' id='word_1_49' title='bbox 713 1270 905 1337; x_wconf 85' lang='lat' dir='ltr'><strong><em>mundatum</em></strong></span> <span class='ocrx_word' id='word_1_50' title='bbox 927 1270 1136 1350; x_wconf 77' lang='lat' dir='ltr'><strong><em>restriupitur</em></strong></span> <span class='ocrx_word' id='word_1_51' title='bbox 1157 1267 1201 1333; x_wconf 93' lang='lat' dir='ltr'><strong><em>od</em></strong></span> <span class='ocrx_word' id='word_1_52' title='bbox 1220 1270 1363 1349; x_wconf 88' lang='lat' dir='ltr'><strong><em>primam</em></strong></span> <span class='ocrx_word' id='word_1_53' title='bbox 1383 1268 1503 1345; x_wconf 87' lang='lat' dir='ltr'><strong><em>uicem,</em></strong></span> <span class='ocrx_word' id='word_1_54' title='bbox 1523 1276 1551 1330; x_wconf 88' lang='lat' dir='ltr'><strong><em>et</em></strong></span> <span class='ocrx_word' id='word_1_55' title='bbox 1574 1286 1636 1330; x_wconf 86' lang='lat' dir='ltr'><strong><em>nou</em></strong></span> 
     </span>
     <span class='ocr_line' id='line_1_10' title="bbox 533 1377 1105 1449; baseline -0.009 -4"><span class='ocrx_word' id='word_1_56' title='bbox 533 1380 712 1446; x_wconf 72' lang='lat' dir='ltr'><strong><em>emcuditur</em></strong></span> <span class='ocrx_word' id='word_1_57' title='bbox 734 1380 777 1443; x_wconf 90' lang='lat' dir='ltr'><strong><em>od</em></strong></span> <span class='ocrx_word' id='word_1_58' title='bbox 800 1377 923 1442; x_wconf 85' lang='lat' dir='ltr'><strong><em>camlia</em></strong></span> <span class='ocrx_word' id='word_1_59' title='bbox 946 1379 1105 1449; x_wconf 85' lang='lat' dir='ltr'><strong><em>reiterata.</em></strong></span> 
     </span>
    </p>

    <p class='ocr_par' dir='ltr' id='par_1_7' title="bbox 403 1481 1642 1677">
     <span class='ocr_line' id='line_1_11' title="bbox 403 1481 1642 1570; baseline -0.006 -16"><span class='ocrx_word' id='word_1_60' title='bbox 403 1490 453 1556; x_wconf 86' lang='lat'><strong><em>18.</em></strong></span> <span class='ocrx_word' id='word_1_61' title='bbox 477 1492 565 1556; x_wconf 85' lang='lat' dir='ltr'><strong><em>idem</em></strong></span> <span class='ocrx_word' id='word_1_62' title='bbox 584 1488 725 1570; x_wconf 88' lang='lat' dir='ltr'><strong><em>procedit</em></strong></span> <span class='ocrx_word' id='word_1_63' title='bbox 749 1489 785 1551; x_wconf 86' lang='lat' dir='ltr'><strong><em>in</em></strong></span> <span class='ocrx_word' id='word_1_64' title='bbox 806 1495 1020 1567; x_wconf 68' lang='lat' dir='ltr'><strong><em>procuratore</em></strong></span> <span class='ocrx_word' id='word_1_65' title='bbox 1042 1485 1211 1549; x_wconf 78' lang='lat' dir='ltr'><strong><em>constituto</em></strong></span> <span class='ocrx_word' id='word_1_66' title='bbox 1231 1481 1274 1546; x_wconf 91' lang='lat' dir='ltr'><strong><em>ad</em></strong></span> <span class='ocrx_word' id='word_1_67' title='bbox 1297 1482 1466 1564; x_wconf 80' lang='lat' dir='ltr'><strong><em>capiendas</em></strong></span> <span class='ocrx_word' id='word_1_68' title='bbox 1485 1484 1642 1564; x_wconf 84' lang='lat' dir='ltr'><strong><em>pecunias</em></strong></span> 
     </span>
     <span class='ocr_line' id='line_1_12' title="bbox 535 1594 898 1677; baseline -0.017 -15"><span class='ocrx_word' id='word_1_69' title='bbox 535 1597 578 1662; x_wconf 90' lang='lat' dir='ltr'><strong><em>ud</em></strong></span> <span class='ocrx_word' id='word_1_70' title='bbox 599 1598 774 1662; x_wconf 87' lang='lat' dir='ltr'><strong><em>societatem</em></strong></span> <span class='ocrx_word' id='word_1_71' title='bbox 797 1594 898 1677; x_wconf 72' lang='lat' dir='ltr'><strong><em>officii.</em></strong></span> 
     </span>
    </p>

    <p class='ocr_par' dir='ltr' id='par_1_8' title="bbox 403 1696 1642 2004">
     <span class='ocr_line' id='line_1_13' title="bbox 403 1696 1641 1786; baseline -0.008 -14"><span class='ocrx_word' id='word_1_72' title='bbox 403 1709 453 1775; x_wconf 85' lang='grc'><strong>19.</strong></span> <span class='ocrx_word' id='word_1_73' title='bbox 477 1706 671 1773; x_wconf 84' lang='lat' dir='ltr'><strong><em>Mandatum</em></strong></span> <span class='ocrx_word' id='word_1_74' title='bbox 694 1704 836 1786; x_wconf 70' lang='lat' dir='ltr'><strong><em>officialis</em></strong></span> <span class='ocrx_word' id='word_1_75' title='bbox 849 1703 995 1785; x_wconf 79' lang='lat' dir='ltr'><strong><em>quamuis</em></strong></span> <span class='ocrx_word' id='word_1_76' title='bbox 1014 1700 1158 1782; x_wconf 82' lang='lat' dir='ltr'><strong><em>peucrole</em></strong></span> <span class='ocrx_word' id='word_1_77' title='bbox 1182 1697 1226 1762; x_wconf 91' lang='lat' dir='ltr'><strong><em>od</em></strong></span> <span class='ocrx_word' id='word_1_78' title='bbox 1247 1697 1433 1781; x_wconf 83' lang='lat' dir='ltr'><strong><em>capiendam</em></strong></span> <span class='ocrx_word' id='word_1_79' title='bbox 1454 1716 1551 1780; x_wconf 88' lang='lat' dir='ltr'><strong><em>mpcr</em></strong></span> <span class='ocrx_word' id='word_1_80' title='bbox 1572 1696 1641 1779; x_wconf 75' lang='lat' dir='ltr'><strong><em>ejus</em></strong></span> 
     </span>
     <span class='ocr_line' id='line_1_14' title="bbox 532 1809 1642 1897; baseline -0.008 -17"><span class='ocrx_word' id='word_1_81' title='bbox 532 1816 630 1897; x_wconf 71' lang='lat' dir='ltr'><strong><em>officio</em></strong></span> <span class='ocrx_word' id='word_1_82' title='bbox 652 1812 819 1896; x_wconf 73' lang='lat' dir='ltr'><strong><em>quamlibet</em></strong></span> <span class='ocrx_word' id='word_1_83' title='bbox 839 1812 1058 1892; x_wconf 86' lang='lat' dir='ltr'><strong><em>pecuniarum</em></strong></span> <span class='ocrx_word' id='word_1_84' title='bbox 1081 1826 1250 1887; x_wconf 87' lang='lat' dir='ltr'><strong><em>summam,</em></strong></span> <span class='ocrx_word' id='word_1_85' title='bbox 1263 1810 1467 1891; x_wconf 83' lang='lat' dir='ltr'><strong><em>restriupitur</em></strong></span> <span class='ocrx_word' id='word_1_86' title='bbox 1489 1810 1533 1872; x_wconf 90' lang='lat' dir='ltr'><strong><em>od</em></strong></span> <span class='ocrx_word' id='word_1_87' title='bbox 1554 1809 1642 1872; x_wconf 89' lang='lat' dir='ltr'><strong><em>ualc-</em></strong></span> 
     </span>
     <span class='ocr_line' id='line_1_15' title="bbox 533 1917 1382 2004; baseline -0.006 -18"><span class='ocrx_word' id='word_1_88' title='bbox 533 1941 601 1986; x_wconf 87' lang='lat' dir='ltr'><strong><em>rem</em></strong></span> <span class='ocrx_word' id='word_1_89' title='bbox 622 1921 715 2004; x_wconf 71' lang='lat' dir='ltr'><strong><em>officii</em></strong></span> <span class='ocrx_word' id='word_1_90' title='bbox 736 1938 833 2001; x_wconf 85' lang='lat' dir='ltr'><strong><em>super</em></strong></span> <span class='ocrx_word' id='word_1_91' title='bbox 856 1938 918 2003; x_wconf 80' lang='lat' dir='ltr'><strong><em>quo</em></strong></span> <span class='ocrx_word' id='word_1_92' title='bbox 942 1927 985 1983; x_wconf 92' lang='lat' dir='ltr'><strong><em>cst</em></strong></span> <span class='ocrx_word' id='word_1_93' title='bbox 1008 1917 1222 1981; x_wconf 80' lang='lat' dir='ltr'><strong><em>contramuto</em></strong></span> <span class='ocrx_word' id='word_1_94' title='bbox 1244 1917 1382 1981; x_wconf 71' lang='grc'><strong>11111111.</strong></span> 
     </span>
    </p>

    <p class='ocr_par' dir='ltr' id='par_1_9' title="bbox 403 2025 1640 2326">
     <span class='ocr_line' id='line_1_16' title="bbox 403 2025 1636 2110; baseline -0.008 -11"><span class='ocrx_word' id='word_1_95' title='bbox 403 2034 454 2099; x_wconf 75' lang='lat'><strong><em>20.</em></strong></span> <span class='ocrx_word' id='word_1_96' title='bbox 481 2035 682 2099; x_wconf 78' lang='lat' dir='ltr'><strong><em>Procurator</em></strong></span> <span class='ocrx_word' id='word_1_97' title='bbox 703 2029 821 2094; x_wconf 77' lang='lat' dir='ltr'><strong><em>duleus</em></strong></span> <span class='ocrx_word' id='word_1_98' title='bbox 852 2029 963 2110; x_wconf 73' lang='lat' dir='ltr'><strong><em>efficax</em></strong></span> <span class='ocrx_word' id='word_1_99' title='bbox 984 2035 1012 2091; x_wconf 88' lang='lat' dir='ltr'><strong><em>et</em></strong></span> <span class='ocrx_word' id='word_1_100' title='bbox 1035 2028 1166 2108; x_wconf 85' lang='lat' dir='ltr'><strong><em>speciale</em></strong></span> <span class='ocrx_word' id='word_1_101' title='bbox 1198 2025 1388 2089; x_wconf 82' lang='lat' dir='ltr'><strong><em>mandatum</em></strong></span> <span class='ocrx_word' id='word_1_102' title='bbox 1412 2025 1454 2089; x_wconf 89' lang='lat' dir='ltr'><strong><em>od</em></strong></span> <span class='ocrx_word' id='word_1_103' title='bbox 1476 2027 1636 2089; x_wconf 88' lang='lat' dir='ltr'><strong><em>domiuum</em></strong></span> 
     </span>
     <span class='ocr_line' id='line_1_17' title="bbox 534 2132 1640 2220; baseline -0.007 -15"><span class='ocrx_word' id='word_1_104' title='bbox 534 2134 757 2220; x_wconf 81' lang='lat' dir='ltr'><strong><em>odlipaudum,</em></strong></span> <span class='ocrx_word' id='word_1_105' title='bbox 777 2146 878 2219; x_wconf 88' lang='lat' dir='ltr'><strong><em>potest</em></strong></span> <span class='ocrx_word' id='word_1_106' title='bbox 900 2144 1029 2200; x_wconf 88' lang='lat' dir='ltr'><strong><em>tautum</em></strong></span> <span class='ocrx_word' id='word_1_107' title='bbox 1050 2135 1140 2198; x_wconf 88' lang='lat' dir='ltr'><strong><em>illum</em></strong></span> <span class='ocrx_word' id='word_1_108' title='bbox 1163 2133 1298 2215; x_wconf 79' lang='lat' dir='ltr'><strong><em>ollipare</em></strong></span> <span class='ocrx_word' id='word_1_109' title='bbox 1318 2150 1375 2213; x_wconf 87' lang='lat' dir='ltr'><strong><em>per</em></strong></span> <span class='ocrx_word' id='word_1_110' title='bbox 1396 2132 1558 2213; x_wconf 83' lang='lat' dir='ltr'><strong><em>pullicum</em></strong></span> <span class='ocrx_word' id='word_1_111' title='bbox 1591 2135 1640 2197; x_wconf 85' lang='lat' dir='ltr'><strong><em>iu-</em></strong></span> 
     </span>
     <span class='ocr_line' id='line_1_18' title="bbox 534 2244 1444 2326; baseline -0.005 -14"><span class='ocrx_word' id='word_1_112' title='bbox 534 2254 768 2326; x_wconf 79' lang='lat' dir='ltr'><strong><em>strumcatum,</em></strong></span> <span class='ocrx_word' id='word_1_113' title='bbox 791 2261 856 2309; x_wconf 85' lang='lat' dir='ltr'><strong><em>nou</em></strong></span> <span class='ocrx_word' id='word_1_114' title='bbox 880 2259 953 2308; x_wconf 86' lang='lat' dir='ltr'><strong><em>aero</em></strong></span> <span class='ocrx_word' id='word_1_115' title='bbox 972 2258 1032 2325; x_wconf 86' lang='lat' dir='ltr'><strong><em>per</em></strong></span> <span class='ocrx_word' id='word_1_116' title='bbox 1052 2245 1216 2323; x_wconf 86' lang='lat' dir='ltr'><strong><em>priuatam</em></strong></span> <span class='ocrx_word' id='word_1_117' title='bbox 1240 2244 1444 2323; x_wconf 73' lang='lat' dir='ltr'><strong><em>scripturam.</em></strong></span> 
     </span>
    </p>

    <p class='ocr_par' dir='ltr' id='par_1_10' title="bbox 401 2350 1643 2541">
     <span class='ocr_line' id='line_1_19' title="bbox 401 2350 1643 2435; baseline -0.006 -13"><span class='ocrx_word' id='word_1_118' title='bbox 401 2357 453 2422; x_wconf 81' lang='lat'><strong><em>21.</em></strong></span> <span class='ocrx_word' id='word_1_119' title='bbox 480 2356 575 2423; x_wconf 87' lang='lat' dir='ltr'><strong><em>Secus</em></strong></span> <span class='ocrx_word' id='word_1_120' title='bbox 597 2355 652 2420; x_wconf 85' lang='lat' dir='ltr'><strong><em>uli</em></strong></span> <span class='ocrx_word' id='word_1_121' title='bbox 674 2356 780 2435; x_wconf 84' lang='lat' dir='ltr'><strong><em>cipore</em></strong></span> <span class='ocrx_word' id='word_1_122' title='bbox 802 2354 915 2418; x_wconf 86' lang='lat' dir='ltr'><strong><em>statuti</em></strong></span> <span class='ocrx_word' id='word_1_123' title='bbox 936 2354 1101 2433; x_wconf 89' lang='lat' dir='ltr'><strong><em>scriptura</em></strong></span> <span class='ocrx_word' id='word_1_124' title='bbox 1112 2353 1245 2433; x_wconf 82' lang='lat' dir='ltr'><strong><em>priiata</em></strong></span> <span class='ocrx_word' id='word_1_125' title='bbox 1260 2350 1349 2416; x_wconf 77' lang='lat' dir='ltr'><strong><em>itala</em></strong></span> <span class='ocrx_word' id='word_1_126' title='bbox 1370 2352 1434 2415; x_wconf 91' lang='lat' dir='ltr'><strong><em>cim</em></strong></span> <span class='ocrx_word' id='word_1_127' title='bbox 1456 2350 1576 2432; x_wconf 84' lang='lat' dir='ltr'><strong><em>puiliei</em></strong></span> <span class='ocrx_word' id='word_1_128' title='bbox 1591 2352 1643 2415; x_wconf 89' lang='lat' dir='ltr'><strong><em>iu-</em></strong></span> 
     </span>
     <span class='ocr_line' id='line_1_20' title="bbox 534 2461 1136 2541; baseline -0.007 -12"><span class='ocrx_word' id='word_1_129' title='bbox 534 2464 713 2538; x_wconf 86' lang='lat' dir='ltr'><strong><em>strumeuti,</em></strong></span> <span class='ocrx_word' id='word_1_130' title='bbox 737 2470 773 2527; x_wconf 86' lang='lat' dir='ltr'><strong><em>ut</em></strong></span> <span class='ocrx_word' id='word_1_131' title='bbox 797 2462 950 2541; x_wconf 78' lang='lat' dir='ltr'><strong><em>coaticptt</em></strong></span> <span class='ocrx_word' id='word_1_132' title='bbox 974 2461 1136 2529; x_wconf 88' lang='lat' dir='ltr'><strong><em>Perusiae.</em></strong></span> 
     </span>
    </p>

    <p class='ocr_par' dir='ltr' id='par_1_11' title="bbox 403 2569 1644 2761">
     <span class='ocr_line' id='line_1_21' title="bbox 403 2569 1644 2655; baseline -0.003 -17"><span class='ocrx_word' id='word_1_133' title='bbox 403 2572 455 2638; x_wconf 71' lang='lat'><strong><em>22</em></strong></span> <span class='ocrx_word' id='word_1_134' title='bbox 480 2573 571 2638; x_wconf 81' lang='lat' dir='ltr'><strong><em>Tunc</em></strong></span> <span class='ocrx_word' id='word_1_135' title='bbox 594 2581 701 2635; x_wconf 83' lang='lat' dir='ltr'><strong><em>tomen</em></strong></span> <span class='ocrx_word' id='word_1_136' title='bbox 723 2572 888 2651; x_wconf 84' lang='lat' dir='ltr'><strong><em>scriptura</em></strong></span> <span class='ocrx_word' id='word_1_137' title='bbox 910 2587 972 2634; x_wconf 86' lang='lat' dir='ltr'><strong><em>esse</em></strong></span> <span class='ocrx_word' id='word_1_138' title='bbox 995 2569 1077 2634; x_wconf 84' lang='lat' dir='ltr'><strong><em>deict</em></strong></span> <span class='ocrx_word' id='word_1_139' title='bbox 1097 2571 1276 2637; x_wconf 83' lang='lat' dir='ltr'><strong><em>solemniter</em></strong></span> <span class='ocrx_word' id='word_1_140' title='bbox 1290 2574 1432 2655; x_wconf 77' lang='lat' dir='ltr'><strong><em>consecto</em></strong></span> <span class='ocrx_word' id='word_1_141' title='bbox 1454 2580 1482 2636; x_wconf 88' lang='lat' dir='ltr'><strong><em>et</em></strong></span> <span class='ocrx_word' id='word_1_142' title='bbox 1505 2572 1644 2652; x_wconf 80' lang='lat' dir='ltr'><strong><em>lepitime</em></strong></span> 
     </span>
     <span class='ocr_line' id='line_1_22' title="bbox 533 2676 1342 2761; baseline 0.004 -19"><span class='ocrx_word' id='word_1_143' title='bbox 533 2680 704 2759; x_wconf 72' lang='lat' dir='ltr'><strong><em>carcaria,</em></strong></span> <span class='ocrx_word' id='word_1_144' title='bbox 726 2678 809 2742; x_wconf 87' lang='lat' dir='ltr'><strong><em>alias</em></strong></span> <span class='ocrx_word' id='word_1_145' title='bbox 830 2676 956 2742; x_wconf 88' lang='lat' dir='ltr'><strong><em>uullam</em></strong></span> <span class='ocrx_word' id='word_1_146' title='bbox 975 2680 1094 2761; x_wconf 70' lang='lat' dir='ltr'><strong><em>faceret</em></strong></span> <span class='ocrx_word' id='word_1_147' title='bbox 1114 2679 1342 2759; x_wconf 67' lang='lat' dir='ltr'><strong><em>prolationem,</em></strong></span> 
     </span>
    </p>
   </div>
   <div class='ocr_carea' id='block_1_3' title="bbox 337 2918 1703 3306">
    <p class='ocr_par' dir='ltr' id='par_1_12' title="bbox 337 2918 1703 3306">
     <span class='ocr_line' id='line_1_23' title="bbox 428 2918 1703 3091; baseline -0.005 -21"><span class='ocrx_word' id='word_1_148' title='bbox 428 3005 456 3073; x_wconf 89' lang='lat'><strong><em>1.</em></strong></span> <span class='ocrx_word' id='word_1_149' title='bbox 480 2918 584 3074; x_wconf 72' lang='lat' dir='ltr'><strong><em>Cum</em></strong></span> <span class='ocrx_word' id='word_1_150' title='bbox 608 3010 798 3091; x_wconf 82' lang='lat' dir='ltr'><strong><em>procuretur</em></strong></span> <span class='ocrx_word' id='word_1_151' title='bbox 818 3006 916 3087; x_wconf 87' lang='lat' dir='ltr'><strong><em>poscit</em></strong></span> <span class='ocrx_word' id='word_1_152' title='bbox 936 3003 1064 3085; x_wconf 86' lang='lat' dir='ltr'><strong><em>quidam</em></strong></span> <span class='ocrx_word' id='word_1_153' title='bbox 1087 3004 1192 3069; x_wconf 78' lang='lat' dir='ltr'><strong><em>meere</em></strong></span> <span class='ocrx_word' id='word_1_154' title='bbox 1213 3003 1424 3069; x_wconf 85' lang='lat' dir='ltr'><strong><em>conditionem</em></strong></span> <span class='ocrx_word' id='word_1_155' title='bbox 1446 3002 1623 3069; x_wconf 84' lang='lat' dir='ltr'><strong><em>mandantis</em></strong></span> <span class='ocrx_word' id='word_1_156' title='bbox 1641 3018 1703 3064; x_wconf 80' lang='lat' dir='ltr'><strong><em>me</em></strong></span> 
     </span>
     <span class='ocr_line' id='line_1_24' title="bbox 337 3108 1702 3197; baseline -0.01 -14"><span class='ocrx_word' id='word_1_157' title='bbox 337 3118 458 3197; x_wconf 82' lang='lat' dir='ltr'><strong><em>liorem,</em></strong></span> <span class='ocrx_word' id='word_1_158' title='bbox 471 3134 533 3180; x_wconf 94' lang='lat' dir='ltr'><strong><em>non</em></strong></span> <span class='ocrx_word' id='word_1_159' title='bbox 549 3135 622 3182; x_wconf 82' lang='lat' dir='ltr'><strong><em>vero</em></strong></span> <span class='ocrx_word' id='word_1_160' title='bbox 637 3114 847 3190; x_wconf 86' lang='lat' dir='ltr'><strong><em>deteriorem,</em></strong></span> <span class='ocrx_word' id='word_1_161' title='bbox 870 3113 906 3177; x_wconf 78' lang='lat' dir='ltr'><strong><em>L</em></strong></span> <span class='ocrx_word' id='word_1_162' title='bbox 927 3112 1091 3194; x_wconf 77' lang='lat' dir='ltr'><strong><em>dilipeuter</em></strong></span> <span class='ocrx_word' id='word_1_163' title='bbox 1113 3114 1149 3176; x_wconf 86' lang='lat' dir='ltr'><strong><em>iu</em></strong></span> <span class='ocrx_word' id='word_1_164' title='bbox 1171 3114 1223 3195; x_wconf 71' lang='lat' dir='ltr'><strong><em>piu.</em></strong></span> <span class='ocrx_word' id='word_1_165' title='bbox 1237 3111 1268 3193; x_wconf 76' lang='lat' dir='ltr'><strong><em>ff</em></strong></span> <span class='ocrx_word' id='word_1_166' title='bbox 1278 3110 1386 3176; x_wconf 80' lang='lat' dir='ltr'><strong><em>mand.</em></strong></span> <span class='ocrx_word' id='word_1_167' title='bbox 1408 3129 1484 3175; x_wconf 84' lang='lat' dir='ltr'><strong><em>cum</em></strong></span> <span class='ocrx_word' id='word_1_168' title='bbox 1506 3108 1702 3173; x_wconf 76' lang='lat' dir='ltr'><strong><em>commacu:</em></strong></span> 
     </span>
     <span class='ocr_line' id='line_1_25' title="bbox 425 3212 1701 3306; baseline -0.011 -16"><span class='ocrx_word' id='word_1_169' title='bbox 425 3223 455 3290; x_wconf 71' lang='lat'>2</span> <span class='ocrx_word' id='word_1_170' title='bbox 476 3225 636 3306; x_wconf 80' lang='lat' dir='ltr'><strong><em>Sequitur,</em></strong></span> <span class='ocrx_word' id='word_1_171' title='bbox 652 3224 737 3305; x_wconf 86' lang='lat' dir='ltr'><strong><em>quad</em></strong></span> <span class='ocrx_word' id='word_1_172' title='bbox 759 3226 947 3305; x_wconf 87' lang='lat' dir='ltr'><strong><em>procurator</em></strong></span> <span class='ocrx_word' id='word_1_173' title='bbox 962 3237 1025 3284; x_wconf 91' lang='lat' dir='ltr'><strong><em>uon</em></strong></span> <span class='ocrx_word' id='word_1_174' title='bbox 1039 3221 1138 3302; x_wconf 90' lang='lat' dir='ltr'><strong><em>possit</em></strong></span> <span class='ocrx_word' id='word_1_175' title='bbox 1159 3219 1323 3286; x_wconf 89' lang='lat' dir='ltr'><strong><em>dominum</em></strong></span> <span class='ocrx_word' id='word_1_176' title='bbox 1346 3219 1487 3303; x_wconf 76' lang='lat' dir='ltr'><strong><em>obligare</em></strong></span> <span class='ocrx_word' id='word_1_177' title='bbox 1509 3217 1586 3282; x_wconf 86' lang='lat' dir='ltr'><strong><em>ultra</em></strong></span> <span class='ocrx_word' id='word_1_178' title='bbox 1607 3212 1701 3278; x_wconf 87' lang='lat' dir='ltr'><strong><em>iacul-</em></strong></span> 
     </span>
    </p>
   </div>
   <div class='ocr_carea' id='block_1_4' title="bbox 338 3324 1706 3414">
    <p class='ocr_par' dir='ltr' id='par_1_13' title="bbox 338 3305 1847 3424">
     <span class='ocr_line' id='line_1_26' title="bbox 338 3324 1706 3414; baseline -0.01 -15"><span class='ocrx_word' id='word_1_179' title='bbox 338 3338 436 3399; x_wconf 89' lang='lat' dir='ltr'><strong><em>tatcm</em></strong></span> <span class='ocrx_word' id='word_1_180' title='bbox 458 3332 515 3397; x_wconf 86' lang='lat' dir='ltr'><strong><em>sibi</em></strong></span> <span class='ocrx_word' id='word_1_181' title='bbox 539 3333 571 3396; x_wconf 87' lang='lat' dir='ltr'><strong><em>in</em></strong></span> <span class='ocrx_word' id='word_1_182' title='bbox 594 3331 815 3414; x_wconf 83' lang='lat' dir='ltr'><strong><em>procuratorio</em></strong></span> <span class='ocrx_word' id='word_1_183' title='bbox 838 3346 1033 3407; x_wconf 67' lang='lat' dir='ltr'><strong><em>conoessum</em></strong></span> <span class='ocrx_word' id='word_1_184' title='bbox 1054 3328 1093 3393; x_wconf 89' lang='lat' dir='ltr'><strong><em>ad</em></strong></span> <span class='ocrx_word' id='word_1_185' title='bbox 1116 3327 1292 3394; x_wconf 88' lang='lat' dir='ltr'><strong><em>iaciendum</em></strong></span> <span class='ocrx_word' id='word_1_186' title='bbox 1314 3329 1400 3393; x_wconf 89' lang='lat' dir='ltr'><strong><em>euim</em></strong></span> <span class='ocrx_word' id='word_1_187' title='bbox 1422 3332 1512 3393; x_wconf 87' lang='lat' dir='ltr'><strong><em>actus</em></strong></span> <span class='ocrx_word' id='word_1_188' title='bbox 1532 3343 1574 3390; x_wconf 83' lang='lat' dir='ltr'><strong><em>ex</em></strong></span> <span class='ocrx_word' id='word_1_189' title='bbox 1593 3324 1706 3405; x_wconf 84' lang='lat' dir='ltr'><strong><em>quibus</em></strong></span> 
     </span>
    </p>
   </div>
   <div class='ocr_carea' id='block_1_5' title="bbox 337 3433 1703 3629">
    <p class='ocr_par' dir='ltr' id='par_1_14' title="bbox 337 3433 1703 3629">
     <span class='ocr_line' id='line_1_27' title="bbox 337 3433 1703 3523; baseline -0.007 -19"><span class='ocrx_word' id='word_1_190' title='bbox 337 3439 485 3504; x_wconf 87' lang='lat' dir='ltr'><strong><em>mundans</em></strong></span> <span class='ocrx_word' id='word_1_191' title='bbox 508 3444 669 3506; x_wconf 80' lang='lat' dir='ltr'><strong><em>mmaneat</em></strong></span> <span class='ocrx_word' id='word_1_192' title='bbox 700 3438 857 3523; x_wconf 75' lang='lat' dir='ltr'><strong><em>obligatus</em></strong></span> <span class='ocrx_word' id='word_1_193' title='bbox 877 3443 926 3504; x_wconf 89' lang='lat' dir='ltr'><strong><em>est</em></strong></span> <span class='ocrx_word' id='word_1_194' title='bbox 947 3437 1156 3502; x_wconf 81' lang='lat' dir='ltr'><strong><em>neceesarium</em></strong></span> <span class='ocrx_word' id='word_1_195' title='bbox 1188 3436 1371 3503; x_wconf 84' lang='lat' dir='ltr'><strong><em>mandatum</em></strong></span> <span class='ocrx_word' id='word_1_196' title='bbox 1393 3436 1540 3519; x_wconf 88' lang='lat' dir='ltr'><strong><em>speciale,</em></strong></span> <span class='ocrx_word' id='word_1_197' title='bbox 1561 3435 1650 3500; x_wconf 88' lang='lat' dir='ltr'><strong><em>Batd</em></strong></span> <span class='ocrx_word' id='word_1_198' title='bbox 1670 3433 1703 3495; x_wconf 90' lang='lat' dir='ltr'><strong><em>iu</em></strong></span> 
     </span>
     <span class='ocr_line' id='line_1_28' title="bbox 340 3540 1656 3629; baseline -0.006 -17"><span class='ocrx_word' id='word_1_199' title='bbox 340 3547 376 3612; x_wconf 86' lang='lat' dir='ltr'><strong><em>L.</em></strong></span> <span class='ocrx_word' id='word_1_200' title='bbox 398 3547 610 3623; x_wconf 78' lang='lat' dir='ltr'><strong><em>maudmum,</em></strong></span> <span class='ocrx_word' id='word_1_201' title='bbox 633 3549 668 3612; x_wconf 84' lang='lat' dir='ltr'><strong><em>iu</em></strong></span> <span class='ocrx_word' id='word_1_202' title='bbox 691 3543 714 3610; x_wconf 74' lang='lat' dir='ltr'><strong><em>i</em></strong></span> <span class='ocrx_word' id='word_1_203' title='bbox 734 3565 840 3629; x_wconf 82' lang='lat' dir='ltr'><strong><em>oppos</em></strong></span> <span class='ocrx_word' id='word_1_204' title='bbox 861 3549 897 3610; x_wconf 87' lang='lat' dir='ltr'><strong><em>iu</em></strong></span> <span class='ocrx_word' id='word_1_205' title='bbox 919 3548 972 3629; x_wconf 71' lang='lat' dir='ltr'><strong><em>liu.</em></strong></span> <span class='ocrx_word' id='word_1_206' title='bbox 994 3544 1061 3610; x_wconf 87' lang='lat' dir='ltr'><strong><em>cod</em></strong></span> <span class='ocrx_word' id='word_1_207' title='bbox 1081 3545 1208 3624; x_wconf 87' lang='lat' dir='ltr'><strong><em>mand,</em></strong></span> <span class='ocrx_word' id='word_1_208' title='bbox 1233 3545 1356 3610; x_wconf 77' lang='lat' dir='ltr'><strong><em>Porcii.</em></strong></span> <span class='ocrx_word' id='word_1_209' title='bbox 1379 3563 1462 3609; x_wconf 84' lang='lat' dir='ltr'><strong><em>cous.</em></strong></span> <span class='ocrx_word' id='word_1_210' title='bbox 1484 3541 1550 3607; x_wconf 70' lang='lat'><strong><em>200</em></strong></span> <span class='ocrx_word' id='word_1_211' title='bbox 1573 3563 1607 3608; x_wconf 89' lang='lat' dir='ltr'><strong><em>n.</em></strong></span> <span class='ocrx_word' id='word_1_212' title='bbox 1626 3540 1656 3605; x_wconf 84' lang='lat'><strong><em>3.</em></strong></span> 
     </span>
    </p>
   </div>
   <div class='ocr_carea' id='block_1_6' title="bbox 427 3651 1705 3738">
    <p class='ocr_par' dir='ltr' id='par_1_15' title="bbox 427 3613 1847 3738">
     <span class='ocr_line' id='line_1_29' title="bbox 427 3651 1705 3738; baseline -0.002 -23"><span class='ocrx_word' id='word_1_213' title='bbox 427 3656 665 3720; x_wconf 70' lang='lat' dir='ltr'><strong><em>«Procurator</em></strong></span> <span class='ocrx_word' id='word_1_214' title='bbox 696 3653 813 3734; x_wconf 85' lang='lat' dir='ltr'><strong><em>absque</em></strong></span> <span class='ocrx_word' id='word_1_215' title='bbox 843 3654 969 3738; x_wconf 86' lang='lat' dir='ltr'><strong><em>speciali</em></strong></span> <span class='ocrx_word' id='word_1_216' title='bbox 1000 3653 1147 3720; x_wconf 85' lang='lat' dir='ltr'><strong><em>mandato</em></strong></span> <span class='ocrx_word' id='word_1_217' title='bbox 1179 3653 1381 3737; x_wconf 77' lang='lat' dir='ltr'><strong><em>principalem</em></strong></span> <span class='ocrx_word' id='word_1_218' title='bbox 1404 3671 1466 3717; x_wconf 90' lang='lat' dir='ltr'><strong><em>non</em></strong></span> <span class='ocrx_word' id='word_1_219' title='bbox 1488 3652 1619 3737; x_wconf 75' lang='lat' dir='ltr'><strong><em>obligat,</em></strong></span> <span class='ocrx_word' id='word_1_220' title='bbox 1641 3651 1705 3718; x_wconf 82' lang='lat' dir='ltr'><strong><em>liat</em></strong></span> 
     </span>
    </p>
   </div>
   <div class='ocr_carea' id='block_1_7' title="bbox 339 3759 1705 3956">
    <p class='ocr_par' dir='ltr' id='par_1_16' title="bbox 339 3759 1705 3956">
     <span class='ocr_line' id='line_1_30' title="bbox 339 3759 1033 3844; baseline 0 -19"><span class='ocrx_word' id='word_1_221' title='bbox 339 3786 356 3825; x_wconf 76' lang='lat' dir='ltr'><strong><em>a</em></strong></span> <span class='ocrx_word' id='word_1_222' title='bbox 381 3780 490 3829; x_wconf 90' lang='lat' dir='ltr'><strong><em>acram</em></strong></span> <span class='ocrx_word' id='word_1_223' title='bbox 514 3761 627 3844; x_wconf 81' lang='lat' dir='ltr'><strong><em>Crispo</em></strong></span> <span class='ocrx_word' id='word_1_224' title='bbox 650 3763 739 3826; x_wconf 85' lang='lat' dir='ltr'><strong><em>decis.</em></strong></span> <span class='ocrx_word' id='word_1_225' title='bbox 764 3759 784 3824; x_wconf 81' lang='lat'>5</span> <span class='ocrx_word' id='word_1_226' title='bbox 808 3782 839 3827; x_wconf 89' lang='lat' dir='ltr'><strong><em>u.</em></strong></span> <span class='ocrx_word' id='word_1_227' title='bbox 863 3760 884 3825; x_wconf 78' lang='lat'>5</span> <span class='ocrx_word' id='word_1_228' title='bbox 906 3771 980 3828; x_wconf 88' lang='lat' dir='ltr'><strong><em>tom.</em></strong></span> <span class='ocrx_word' id='word_1_229' title='bbox 1005 3760 1033 3826; x_wconf 93' lang='lat'><strong><em>1.</em></strong></span> 
     </span>
     <span class='ocr_line' id='line_1_31' title="bbox 428 3869 1705 3956; baseline -0.001 -24"><span class='ocrx_word' id='word_1_230' title='bbox 428 3893 447 3932; x_wconf 80' lang='lat' dir='ltr'><strong><em>e</em></strong></span> <span class='ocrx_word' id='word_1_231' title='bbox 472 3872 524 3937; x_wconf 76' lang='lat' dir='ltr'><strong><em>Ad</em></strong></span> <span class='ocrx_word' id='word_1_232' title='bbox 546 3869 757 3937; x_wconf 83' lang='lat' dir='ltr'><strong><em>exercendum</em></strong></span> <span class='ocrx_word' id='word_1_233' title='bbox 778 3872 830 3954; x_wconf 83' lang='lat' dir='ltr'><strong><em>jus</em></strong></span> <span class='ocrx_word' id='word_1_234' title='bbox 852 3870 1052 3952; x_wconf 86' lang='lat' dir='ltr'><strong><em>praelationis</em></strong></span> <span class='ocrx_word' id='word_1_235' title='bbox 1065 3871 1105 3936; x_wconf 87' lang='lat' dir='ltr'><strong><em>de</em></strong></span> <span class='ocrx_word' id='word_1_236' title='bbox 1118 3873 1190 3954; x_wconf 78' lang='lat' dir='ltr'><strong><em>iure</em></strong></span> <span class='ocrx_word' id='word_1_237' title='bbox 1211 3872 1353 3956; x_wconf 76' lang='lat' dir='ltr'><strong><em>exigitur</em></strong></span> <span class='ocrx_word' id='word_1_238' title='bbox 1374 3871 1506 3955; x_wconf 85' lang='lat' dir='ltr'><strong><em>speciale</em></strong></span> <span class='ocrx_word' id='word_1_239' title='bbox 1528 3871 1705 3936; x_wconf 79' lang='lat' dir='ltr'><strong><em>monimum</em></strong></span> 
     </span>
    </p>
   </div>
   <div class='ocr_carea' id='block_1_8' title="bbox 341 3973 1847 4064">
    <p class='ocr_par' dir='ltr' id='par_1_17' title="bbox 341 3973 1847 4064">
     <span class='ocr_line' id='line_1_32' title="bbox 341 3973 1847 4064; baseline -0.005 -21"><span class='ocrx_word' id='word_1_240' title='bbox 341 4005 359 4043; x_wconf 77' lang='lat' dir='ltr'><strong><em>a</em></strong></span> <span class='ocrx_word' id='word_1_241' title='bbox 384 3982 506 4048; x_wconf 88' lang='lat' dir='ltr'><strong><em>ratione</em></strong></span> <span class='ocrx_word' id='word_1_242' title='bbox 527 3979 742 4064; x_wconf 75' lang='lat' dir='ltr'><strong><em>obligationis,</em></strong></span> <span class='ocrx_word' id='word_1_243' title='bbox 765 3995 861 4059; x_wconf 90' lang='lat' dir='ltr'><strong><em>quum</em></strong></span> <span class='ocrx_word' id='word_1_244' title='bbox 884 3977 999 4042; x_wconf 86' lang='lat' dir='ltr'><strong><em>exinde</em></strong></span> <span class='ocrx_word' id='word_1_245' title='bbox 1020 3978 1216 4062; x_wconf 87' lang='lat' dir='ltr'><strong><em>principalis,</em></strong></span> <span class='ocrx_word' id='word_1_246' title='bbox 1239 3995 1293 4044; x_wconf 89' lang='lat' dir='ltr'><strong><em>seu</em></strong></span> <span class='ocrx_word' id='word_1_247' title='bbox 1313 3979 1461 4044; x_wconf 87' lang='lat' dir='ltr'><strong><em>dominus</em></strong></span> <span class='ocrx_word' id='word_1_248' title='bbox 1490 3977 1649 4043; x_wconf 87' lang='lat' dir='ltr'><strong><em>contrahit</em></strong></span> <span class='ocrx_word' id='word_1_249' title='bbox 1668 3973 1707 4038; x_wconf 83' lang='lat' dir='ltr'><strong><em>ad</em></strong></span> <span class='ocrx_word' id='word_1_250' title='bbox 1846 3973 1847 3992; x_wconf 66' lang='lat'>¹</span> 
     </span>
    </p>
   </div>
   <div class='ocr_carea' id='block_1_9' title="bbox 338 4085 1715 4926">
    <p class='ocr_par' dir='ltr' id='par_1_18' title="bbox 341 4085 1463 4178">
     <span class='ocr_line' id='line_1_33' title="bbox 341 4085 1463 4178; baseline -0.004 -24"><span class='ocrx_word' id='word_1_251' title='bbox 341 4117 359 4154; x_wconf 75' lang='lat' dir='ltr'><strong><em>a</em></strong></span> <span class='ocrx_word' id='word_1_252' title='bbox 384 4093 542 4178; x_wconf 88' lang='lat' dir='ltr'><strong><em>praetium</em></strong></span> <span class='ocrx_word' id='word_1_253' title='bbox 566 4090 726 4167; x_wconf 81' lang='lat' dir='ltr'><strong><em>oblatum,</em></strong></span> <span class='ocrx_word' id='word_1_254' title='bbox 744 4089 860 4153; x_wconf 63' lang='lat' dir='ltr'><strong><em>mma</em></strong></span> <span class='ocrx_word' id='word_1_255' title='bbox 884 4086 986 4170; x_wconf 86' lang='lat' dir='ltr'><strong><em>Nepos</em></strong></span> <span class='ocrx_word' id='word_1_256' title='bbox 1008 4088 1098 4153; x_wconf 88' lang='lat' dir='ltr'><strong><em>decis.</em></strong></span> <span class='ocrx_word' id='word_1_257' title='bbox 1119 4085 1163 4151; x_wconf 81' lang='lat'><strong><em>36</em></strong></span> <span class='ocrx_word' id='word_1_258' title='bbox 1186 4089 1243 4153; x_wconf 81' lang='lat' dir='ltr'><strong><em>sut</em></strong></span> <span class='ocrx_word' id='word_1_259' title='bbox 1264 4107 1297 4154; x_wconf 89' lang='lat' dir='ltr'><strong><em>n.</em></strong></span> <span class='ocrx_word' id='word_1_260' title='bbox 1318 4086 1339 4151; x_wconf 85' lang='lat'><strong>7</strong></span> <span class='ocrx_word' id='word_1_261' title='bbox 1361 4088 1411 4153; x_wconf 84' lang='lat' dir='ltr'><strong><em>lid.</em></strong></span> <span class='ocrx_word' id='word_1_262' title='bbox 1435 4085 1463 4151; x_wconf 89' lang='lat'><strong><em>1.</em></strong></span> 
     </span>
    </p>

    <p class='ocr_par' dir='ltr' id='par_1_19' title="bbox 340 4191 1711 4601">
     <span class='ocr_line' id='line_1_34' title="bbox 429 4191 1710 4280; baseline -0.005 -20"><span class='ocrx_word' id='word_1_263' title='bbox 429 4221 446 4260; x_wconf 79' lang='lat' dir='ltr'><strong><em>e</em></strong></span> <span class='ocrx_word' id='word_1_264' title='bbox 472 4199 540 4263; x_wconf 82' lang='lat' dir='ltr'><strong><em>Non</em></strong></span> <span class='ocrx_word' id='word_1_265' title='bbox 560 4202 609 4262; x_wconf 89' lang='lat' dir='ltr'><strong><em>est</em></strong></span> <span class='ocrx_word' id='word_1_266' title='bbox 632 4203 736 4261; x_wconf 86' lang='lat' dir='ltr'><strong><em>tamen</em></strong></span> <span class='ocrx_word' id='word_1_267' title='bbox 758 4196 969 4262; x_wconf 76' lang='lat' dir='ltr'><strong><em>naoessmium</em></strong></span> <span class='ocrx_word' id='word_1_268' title='bbox 991 4196 1116 4277; x_wconf 87' lang='lat' dir='ltr'><strong><em>quando</em></strong></span> <span class='ocrx_word' id='word_1_269' title='bbox 1139 4196 1248 4280; x_wconf 71' lang='lat' dir='ltr'><strong><em>agitm</em></strong></span> <span class='ocrx_word' id='word_1_270' title='bbox 1270 4195 1366 4260; x_wconf 90' lang='lat' dir='ltr'><strong><em>dere</em></strong></span> <span class='ocrx_word' id='word_1_271' title='bbox 1388 4213 1475 4260; x_wconf 86' lang='lat' dir='ltr'><strong><em>mere</em></strong></span> <span class='ocrx_word' id='word_1_272' title='bbox 1493 4191 1653 4259; x_wconf 77' lang='lat' dir='ltr'><strong><em>favorabili</em></strong></span> <span class='ocrx_word' id='word_1_273' title='bbox 1672 4206 1710 4253; x_wconf 84' lang='lat' dir='ltr'><strong><em>ac</em></strong></span> 
     </span>
     <span class='ocr_line' id='line_1_35' title="bbox 340 4300 1711 4387; baseline 0.001 -23"><span class='ocrx_word' id='word_1_274' title='bbox 340 4327 357 4364; x_wconf 80' lang='lat' dir='ltr'><strong><em>e</em></strong></span> <span class='ocrx_word' id='word_1_275' title='bbox 381 4306 592 4372; x_wconf 79' lang='lat' dir='ltr'><strong><em>constituente</em></strong></span> <span class='ocrx_word' id='word_1_276' title='bbox 614 4304 817 4387; x_wconf 86' lang='lat' dir='ltr'><strong><em>principalem</em></strong></span> <span class='ocrx_word' id='word_1_277' title='bbox 834 4305 865 4368; x_wconf 91' lang='lat' dir='ltr'><strong><em>in</em></strong></span> <span class='ocrx_word' id='word_1_278' title='bbox 881 4304 1030 4370; x_wconf 80' lang='lat' dir='ltr'><strong><em>facultate</em></strong></span> <span class='ocrx_word' id='word_1_279' title='bbox 1043 4309 1078 4370; x_wconf 89' lang='lat' dir='ltr'><strong><em>ot</em></strong></span> <span class='ocrx_word' id='word_1_280' title='bbox 1092 4305 1223 4370; x_wconf 83' lang='lat' dir='ltr'><strong><em>arbitrio</em></strong></span> <span class='ocrx_word' id='word_1_281' title='bbox 1240 4305 1349 4371; x_wconf 83' lang='lat' dir='ltr'><strong><em>utendi</em></strong></span> <span class='ocrx_word' id='word_1_282' title='bbox 1372 4305 1419 4369; x_wconf 88' lang='lat' dir='ltr'><strong><em>vel</em></strong></span> <span class='ocrx_word' id='word_1_283' title='bbox 1441 4321 1504 4369; x_wconf 93' lang='lat' dir='ltr'><strong><em>nou</em></strong></span> <span class='ocrx_word' id='word_1_284' title='bbox 1526 4302 1635 4369; x_wconf 86' lang='lat' dir='ltr'><strong><em>utendi</em></strong></span> <span class='ocrx_word' id='word_1_285' title='bbox 1659 4300 1711 4366; x_wconf 76' lang='lat' dir='ltr'><strong><em>bc</em></strong></span> 
     </span>
     <span class='ocr_line' id='line_1_36' title="bbox 341 4411 1711 4496; baseline 0.001 -24"><span class='ocrx_word' id='word_1_286' title='bbox 341 4434 360 4471; x_wconf 79' lang='grc' dir='ltr'><strong><em>κ</em></strong></span> <span class='ocrx_word' id='word_1_287' title='bbox 383 4412 493 4477; x_wconf 84' lang='lat' dir='ltr'><strong><em>reficio</em></strong></span> <span class='ocrx_word' id='word_1_288' title='bbox 507 4412 717 4495; x_wconf 83' lang='lat' dir='ltr'><strong><em>praelationis,</em></strong></span> <span class='ocrx_word' id='word_1_289' title='bbox 733 4429 808 4477; x_wconf 86' lang='lat' dir='ltr'><strong><em>cum</em></strong></span> <span class='ocrx_word' id='word_1_290' title='bbox 817 4412 849 4475; x_wconf 89' lang='lat' dir='ltr'><strong><em>in</em></strong></span> <span class='ocrx_word' id='word_1_291' title='bbox 859 4411 997 4480; x_wconf 84' lang='lat' dir='ltr'><strong><em>talicasu</em></strong></span> <span class='ocrx_word' id='word_1_292' title='bbox 1012 4413 1086 4478; x_wconf 88' lang='lat' dir='ltr'><strong><em>sotis</em></strong></span> <span class='ocrx_word' id='word_1_293' title='bbox 1100 4413 1246 4479; x_wconf 83' lang='lat' dir='ltr'><strong><em>citetinm</em></strong></span> <span class='ocrx_word' id='word_1_294' title='bbox 1262 4414 1446 4480; x_wconf 87' lang='lat' dir='ltr'><strong><em>mundatum</em></strong></span> <span class='ocrx_word' id='word_1_295' title='bbox 1460 4417 1711 4496; x_wconf 80' lang='lat' dir='ltr'><strong><em>praesumptum,</em></strong></span> 
     </span>
     <span class='ocr_line' id='line_1_37' title="bbox 341 4516 1084 4601; baseline 0.007 -22"><span class='ocrx_word' id='word_1_296' title='bbox 341 4541 358 4579; x_wconf 80' lang='lat' dir='ltr'><strong><em>e</em></strong></span> <span class='ocrx_word' id='word_1_297' title='bbox 387 4519 504 4584; x_wconf 91' lang='lat' dir='ltr'><strong><em>Palma</em></strong></span> <span class='ocrx_word' id='word_1_298' title='bbox 529 4520 629 4601; x_wconf 83' lang='lat' dir='ltr'><strong><em>Nepos</em></strong></span> <span class='ocrx_word' id='word_1_299' title='bbox 651 4520 680 4583; x_wconf 93' lang='lat' dir='ltr'><strong><em>d.</em></strong></span> <span class='ocrx_word' id='word_1_300' title='bbox 703 4521 794 4584; x_wconf 78' lang='lat' dir='ltr'><strong><em>datr.</em></strong></span> <span class='ocrx_word' id='word_1_301' title='bbox 816 4516 859 4582; x_wconf 81' lang='grc'><strong><em>36</em></strong></span> <span class='ocrx_word' id='word_1_302' title='bbox 883 4540 914 4585; x_wconf 87' lang='grc'><strong><em>1.</em></strong></span> <span class='ocrx_word' id='word_1_303' title='bbox 936 4517 958 4583; x_wconf 88' lang='lat'>8</span> <span class='ocrx_word' id='word_1_304' title='bbox 982 4520 1031 4587; x_wconf 85' lang='lat' dir='ltr'><strong><em>lid.</em></strong></span> <span class='ocrx_word' id='word_1_305' title='bbox 1056 4518 1084 4584; x_wconf 89' lang='lat'><strong><em>1.</em></strong></span> 
     </span>
    </p>

    <p class='ocr_par' dir='ltr' id='par_1_20' title="bbox 338 4626 1715 4926">
     <span class='ocr_line' id='line_1_38' title="bbox 430 4626 1713 4714; baseline -0.002 -23"><span class='ocrx_word' id='word_1_306' title='bbox 430 4626 460 4692; x_wconf 85' lang='lat'><strong><em>3.</em></strong></span> <span class='ocrx_word' id='word_1_307' title='bbox 483 4626 574 4707; x_wconf 87' lang='lat' dir='ltr'><strong><em>Quod</em></strong></span> <span class='ocrx_word' id='word_1_308' title='bbox 607 4628 750 4711; x_wconf 87' lang='lat' dir='ltr'><strong><em>procedit</em></strong></span> <span class='ocrx_word' id='word_1_309' title='bbox 782 4633 845 4694; x_wconf 84' lang='lat' dir='ltr'><strong><em>tam</em></strong></span> <span class='ocrx_word' id='word_1_310' title='bbox 878 4634 916 4694; x_wconf 89' lang='lat' dir='ltr'><strong><em>ut</em></strong></span> <span class='ocrx_word' id='word_1_311' title='bbox 947 4629 1095 4695; x_wconf 88' lang='lat' dir='ltr'><strong><em>mandans</em></strong></span> <span class='ocrx_word' id='word_1_312' title='bbox 1126 4630 1287 4714; x_wconf 78' lang='lat' dir='ltr'><strong><em>obligetur</em></strong></span> <span class='ocrx_word' id='word_1_313' title='bbox 1317 4630 1541 4712; x_wconf 86' lang='lat' dir='ltr'><strong><em>personaliter,</em></strong></span> <span class='ocrx_word' id='word_1_314' title='bbox 1573 4628 1713 4692; x_wconf 85' lang='lat' dir='ltr'><strong><em>Bemius</em></strong></span> 
     </span>
     <span class='ocr_line' id='line_1_39' title="bbox 338 4729 1715 4817; baseline 0.001 -18"><span class='ocrx_word' id='word_1_315' title='bbox 338 4729 575 4816; x_wconf 65' lang='grc'><strong>11111151.</strong></span> <span class='ocrx_word' id='word_1_316' title='bbox 602 4733 647 4814; x_wconf 90' lang='grc'><strong><em>1.,</em></strong></span> <span class='ocrx_word' id='word_1_317' title='bbox 670 4736 792 4817; x_wconf 77' lang='lat' dir='ltr'><strong><em>toopt.</em></strong></span> <span class='ocrx_word' id='word_1_318' title='bbox 816 4736 964 4804; x_wconf 80' lang='lat' dir='ltr'><strong><em>Ludoaic</em></strong></span> <span class='ocrx_word' id='word_1_319' title='bbox 987 4740 1022 4802; x_wconf 88' lang='lat' dir='ltr'><strong><em>iu</em></strong></span> <span class='ocrx_word' id='word_1_320' title='bbox 1044 4740 1110 4804; x_wconf 86' lang='lat' dir='ltr'><strong><em>ruis</em></strong></span> <span class='ocrx_word' id='word_1_321' title='bbox 1140 4741 1277 4804; x_wconf 80' lang='lat' dir='ltr'><strong><em>mucius.</em></strong></span> <span class='ocrx_word' id='word_1_322' title='bbox 1300 4741 1336 4803; x_wconf 87' lang='lat' dir='ltr'><strong><em>iu</em></strong></span> <span class='ocrx_word' id='word_1_323' title='bbox 1359 4740 1406 4804; x_wconf 89' lang='lat' dir='ltr'><strong><em>tit.</em></strong></span> <span class='ocrx_word' id='word_1_324' title='bbox 1426 4740 1463 4804; x_wconf 86' lang='lat' dir='ltr'><strong><em>dr</em></strong></span> <span class='ocrx_word' id='word_1_325' title='bbox 1494 4739 1602 4802; x_wconf 84' lang='lat' dir='ltr'><strong><em>mand</em></strong></span> <span class='ocrx_word' id='word_1_326' title='bbox 1635 4757 1715 4802; x_wconf 87' lang='lat' dir='ltr'><strong><em>cou-</em></strong></span> 
     </span>
     <span class='ocr_line' id='line_1_40' title="bbox 339 4837 1017 4926; baseline 0.007 -20"><span class='ocrx_word' id='word_1_327' title='bbox 339 4844 415 4906; x_wconf 76' lang='grc'><strong>1111.</strong></span> <span class='ocrx_word' id='word_1_328' title='bbox 439 4837 483 4904; x_wconf 79' lang='lat'><strong><em>32</em></strong></span> <span class='ocrx_word' id='word_1_329' title='bbox 506 4861 582 4907; x_wconf 85' lang='lat' dir='ltr'><strong><em>cers.</em></strong></span> <span class='ocrx_word' id='word_1_330' title='bbox 603 4846 863 4926; x_wconf 61' lang='lat' dir='ltr'><strong><em>quinquagessimo</em></strong></span> <span class='ocrx_word' id='word_1_331' title='bbox 885 4854 1017 4911; x_wconf 82' lang='lat' dir='ltr'><strong><em>octauo:</em></strong></span> 
     </span>
    </p>
   </div>
   <div class='ocr_carea' id='block_1_10' title="bbox 0 0 1884 5748">
    <p class='ocr_par' dir='ltr' id='par_1_21' title="bbox 0 0 1884 5748">
     <span class='ocr_line' id='line_1_41' title="bbox 0 0 1884 5748; baseline 0 0"><span class='ocrx_word' id='word_1_332' title='bbox 0 0 1884 5748; x_wconf 95' lang='lat' dir='ltr'><strong><em> </em></strong></span> 
     </span>
    </p>
   </div>
  </div>
 </body>
</html>
