3734 5750
299 302 364 372 292
732 299 932 370 nunculcl
954 299 1075 372 deuel
1098 298 1245 372 TRAG'l'.

296 471 321 560 S
343 475 417 540 item
440 458 529 538 retis
551 467 575 535 0
595 481 714 555 wecel.
736 469 776 551 3,
799 470 960 540 ffmucoc
991 471 1099 538 Boioi.
1121 476 1155 538 in
1186 493 1255 558 cup.
1277 479 1410 558 temper
1432 497 1464 542 0
1488 473 1504 541 1
1529 489 1609 546 cett.
1628 482 1667 549 de

298 584 410 659 teste,
433 580 526 648 dote
558 581 641 663 Pup.
671 590 790 664 quent
821 577 865 646 le
896 600 919 646 0
919 628 1049 657 .....
1077 583 1182 647 Poris.
1214 584 1242 648 d
1273 603 1356 650 cona.
1386 583 1430 648 70
1453 606 1485 651 0.
1507 584 1529 650 8
1555 590 1607 654 uo.
1626 586 1667 667 lo,

299 691 430 777 inpar.
451 693 480 755 d.
501 709 534 754 0.
556 686 600 753 88
623 692 708 753 circa
732 691 828 767 med,
853 686 950 753 Surd.
971 690 1061 754 decit
1094 687 1158 753 190
1181 709 1212 755 n.
1237 688 1254 753 1
1278 701 1305 755 et
1331 691 1370 770 2,
1392 695 1446 758 nbi
1470 700 1607 761 testatum
1628 698 1668 761 de

298 801 476 879 communi,
499 798 569 870 eoi.
591 813 653 864 cor.
679 795 804 866 Cocoiu.
823 798 913 862 docte
934 792 1002 862 003
1025 817 1057 864 n
1081 796 1111 860 0.

388 906 440 972 20.
462 907 551 975 Unde
581 911 768 989 procuratur
797 905 942 989 appollrti
972 911 1075 988 puteat
1096 923 1162 974 eote
1183 908 1272 974 teste
1295 908 1328 973 in
1353 926 1446 974 00000
1467 910 1669 993 appollorrtia,

300 1017 397 1086 (itote
418 1020 455 1081 in
475 1017 506 1082 d.
528 1033 597 1098 cop.
616 1017 669 1099 fin.
691 1018 726 1080 io
748 1014 827 1080 0006
848 1016 884 1079 io
906 1022 1014 1080 testem
1034 1016 1072 1079 dc
1092 1015 1186 1081 testib.
1206 1016 1256 1081 tid.
1278 1014 1309 1080 6.

389 1121 440 1189 30.
463 1123 535 1203 Quo
556 1141 628 1188 casu
654 1124 711 1187 iste
733 1127 922 1205 procurator
945 1124 1063 1205 poterit
1084 1124 1240 1207 deponere
1260 1124 1426 1190 veritatem
1450 1141 1508 1206 pro
1531 1129 1667 1205 utraque

299 1239 408 1319 purte,
431 1239 467 1300 ut
488 1233 566 1299 dicit
588 1230 685 1297 Gtota
707 1233 742 1296 io
762 1231 894 1298 decri.
918 1235 954 1296 in
976 1240 1099 1310 tieem,
1121 1237 1156 1297 et
1175 1233 1320 1313 sequitur
1342 1232 1505 1315 poetelius
1520 1232 1668 1297 Poritd

300 1358 385 1406 eone
405 1338 449 1406 70
472 1359 504 1405 o.
527 1337 548 1404 0
572 1342 608 1406 in
629 1341 697 1423 poe,
721 1348 748 1404 rt
771 1342 864 1422 infra
886 1338 989 1406 leot

388 1442 440 1510 31.
463 1447 605 1512 Maxime
626 1447 751 1527 000000
775 1447 937 1514 inducitur
965 1447 1006 1512 nd
1035 1448 1252 1531 deponendum
1282 1465 1378 1533 snper
1400 1451 1440 1516 iia
1466 1469 1549 1534 quae
1579 1452 1669 1517 scivit

300 1559 468 1636 00100000
491 1558 572 1620 esem
592 1555 786 1622 constitutur
808 1561 1015 1639 procurator,
1039 1557 1138 1623 Porta
1158 1560 1187 1623 d
1210 1577 1293 1624 coeo.
1314 1558 1359 1624 70
1382 1580 1414 1625 a
1440 1558 1491 1625 13.

389 1660 442 1730 32
461 1664 552 1744 Quae
570 1669 662 1732 texta
684 1664 832 1732 limitatio
852 1670 901 1732 eat
923 1667 1002 1732 adeo
1022 1684 1105 1748 rora,
1120 1673 1158 1733 nt
1173 1668 1231 1733 iate
1246 1673 1435 1751 procurator
1450 1670 1481 1735 in
1496 1670 1583 1736 dicto
1597 1687 1669 1736 0000

300 1774 398 1857 poerit
427 1774 523 1838 etiam
555 1774 674 1838 inuitur
702 1773 847 1857 compelli
876 1774 916 1840 od
946 1774 1184 1857 deponendum,
1207 1773 1304 1841 Gloos.
1335 1777 1371 1840 in
1402 1777 1432 1841 d
1455 1777 1491 1841 L
1512 1778 1566 1859 po.
1584 1777 1615 1859 ff
1633 1777 1670 1841 de

303 1881 415 1960 tertii„
438 1880 530 1948 Bert.
552 1883 591 1946 in
612 1882 640 1950 d.
663 1882 700 1946 l.
719 1882 841 1967 desem
864 1900 896 1947 0.
919 1880 942 1946 2
962 1884 998 1947 io
1019 1884 1075 1966 60.
1091 1882 1124 1965 ff
1141 1883 1180 1947 de
1194 1881 1271 1964 jure
1290 1884 1375 1967 poet,
1389 1883 1500 1965 Amici.
1514 1884 1602 1949 derio.
1616 1881 1670 1962 90,

301 1994 334 2054 et
356 1990 399 2054 ibi
424 1988 527 2053 Urcitl.
549 2007 581 2053 n.
603 1987 643 2066 5,
669 1990 775 2055 Parta.
797 1991 826 2056 d
848 2009 930 2055 coos.
953 1989 997 2054 70
1021 2009 1054 2055 n.
1074 1987 1096 2052 6
1120 2000 1148 2056 et
1171 2010 1266 2076 sopp,
1299 1990 1397 2058 Surd.
1426 1994 1456 2058 d
1486 1993 1576 2057 decit.
1607 1991 1670 2058 100

304 2113 335 2160 0.
358 2093 388 2160 6.

391 2200 443 2270 30
465 2207 568 2273 Pront
588 2206 731 2290 compelli
752 2212 854 2290 petest
876 2208 909 2273 in
930 2210 1077 2276 ammom
1097 2208 1221 2275 cautus
1233 2210 1267 2273 in
1280 2209 1396 2290 quibus
1410 2213 1515 2292 potest
1529 2208 1668 2292 oompdd

304 2311 499 2396 principalis,
523 2314 629 2380 Petis,
650 2316 680 2381 d.
700 2333 784 2381 0000.
804 2313 848 2379 70
871 2335 903 2380 0.
927 2315 987 2395 16,
1010 2335 1053 2381 ate
1076 2316 1168 2382 Buri.
1182 2319 1219 2381 io
1233 2318 1263 2382 d
1278 2317 1314 2381 L
1329 2317 1467 2401 deferre,
1480 2327 1509 2384 et
1523 2336 1566 2382 00
1581 2318 1671 2383 flatu

304 2433 332 2488 ct
355 2421 463 2504 depol.
484 2425 520 2487 in
544 2424 578 2488 L.
601 2442 667 2487 oon
691 2425 793 2488 solum
812 2424 843 2509 ff
863 2425 900 2488 de
919 2434 1083 2507 procuret.

392 2526 444 2596 00.
467 2532 529 2598 lota
552 2535 660 2598 autem
686 2531 832 2599 limitatio
865 2533 998 2616 intelligi
1020 2533 1114 2598 debet
1143 2534 1265 2616 primos
1286 2539 1325 2600 nt
1347 2533 1496 2616 prooedat
1525 2535 1671 2615 respectu

305 2657 414 2707 eornm
446 2659 528 2724 qnae
557 2643 622 2725 ipoe
650 2642 747 2708 eoiret
776 2658 838 2706 non
869 2645 1033 2723 umquam
1063 2646 1270 2722 procurator,
1292 2641 1347 2706 sod
1377 2645 1539 2722 00000000
1567 2640 1674 2718 teus,

306 2748 402 2817 Glooa.
424 2752 460 2815 in
482 2752 511 2816 d
535 2750 570 2816 L.
590 2753 643 2833 fio.
664 2748 697 2831 ff
712 2749 748 2813 de
771 2748 882 2827 tertii„
904 2757 932 2812 ct
955 2750 990 2813 in
1012 2749 1040 2813 d
1062 2766 1132 2831 cop.
1152 2751 1206 2832 ptri.
1227 2748 1292 2814 cod
1315 2750 1359 2813 tlt.
1382 2749 1432 2814 lit.
1453 2744 1488 2826 0,
1509 2765 1584 2813 cnm
1605 2745 1674 2810 aliie

306 2857 391 2940 apud
415 2857 525 2923 60000.
546 2859 637 2923 decio
662 2855 749 2923 Sicit
770 2852 816 2920 80
836 2856 894 2923 eud
916 2876 949 2923 n
971 2853 994 2921 d
1015 2875 1091 2923 occe
1112 2859 1177 2924 nisi
1198 2876 1238 2924 eo
1260 2857 1330 2924 llot.
1352 2876 1415 2923 eor.
1439 2856 1565 2924 600000
1587 2856 1675 2921 decit

305 2962 372 3030 lot
393 2986 425 3033 0.
447 2965 478 3031 6.

395 3095 413 3135 0
436 3074 469 3140 Si
492 3079 680 3156 precentor
701 3074 918 3157 interpelletur
940 3075 989 3140 nti
1005 3076 1192 3158 principalis,
1213 3081 1340 3143 terimur
1360 3078 1393 3142 in
1415 3078 1474 3142 hoc
1496 3094 1570 3142 raon
1584 3075 1674 3141 terti·

306 3204 323 3245 0
348 3183 435 3248 tlarri
456 3188 568 3249 contra
588 3184 735 3249 eumdem
757 3183 959 3267 principalem
982 3202 1096 3261 ouum,
1118 3185 1203 3265 qnod
1218 3191 1323 3251 tamen
1338 3186 1480 3269 procedit
1494 3186 1523 3249 ln
1539 3184 1577 3248 iit
1590 3196 1674 3263 quae

307 3313 325 3353 0
349 3292 422 3358 leoit
443 3297 502 3358 rut
521 3293 638 3357 sciehat
659 3297 697 3359 ut
719 3294 929 3359 1000000010
951 3297 1070 3359 0001000
1093 3295 1200 3374 litem,
1220 3310 1282 3359 non
1308 3295 1357 3359 nti
1379 3297 1584 3376 procuretur,
1616 3288 1677 3353 Bi-

305 3425 323 3463 0
347 3403 487 3485 0010ὴί0.
510 3403 548 3467 tu
566 3410 665 3483 prae.
682 3419 755 3483 pur.
782 3399 800 3463 1
824 3418 892 3483 nep.
914 3399 936 3462 2
959 3420 992 3465 0.
1015 3400 1089 3468 ult.

393 3513 480 3578 «ut
499 3512 693 3590 ubicumque
724 3526 786 3573 non
817 3510 926 3593 agitur
948 3509 988 3575 de
1010 3511 1139 3595 negocio
1171 3516 1228 3576 aut
1258 3528 1295 3574 re
1326 3512 1532 3575 oonrernente
1557 3507 1674 3571 morata

308 3642 326 3681 0
350 3636 462 3686 mutue
483 3619 516 3683 in
538 3634 600 3698 qua
621 3621 670 3683 est
691 3623 889 3700 procurator,
911 3635 968 3682 nec
990 3618 1056 3700 ipae
1069 3619 1162 3702 trgul
1178 3623 1280 3701 potest
1294 3619 1334 3683 de
1348 3619 1409 3683 lide
1423 3621 1529 3700 rupta,
1550 3618 1675 3681 eaeor

306 3750 327 3793 0
348 3730 444 3796 etiem
477 3728 528 3795 uti
559 3727 650 3793 tnta
677 3726 834 3793 00000000
853 3743 889 3791 oa
909 3727 1047 3791 examini
1078 3731 1187 3792 eontm
1217 3743 1311 3792 ouum
1343 3724 1566 3808 principalem,
1592 3718 1672 3802 quod

309 3856 326 3897 0
351 3836 496 3920 prooedit
516 3835 612 3901 etiem
634 3835 667 3899 in
687 3834 840 3900 advocato
859 3840 895 3900 et
915 3834 1131 3916 sollicitatore,
1154 3834 1334 3917 llidolptin.
1356 3834 1428 3898 idid
1447 3830 1605 3898 021601
1620 3846 1676 3912 up

203 3946 209 3957 “
396 3941 448 4008 36.
470 3942 608 4028 intelligi
629 3942 723 4007 debet
744 3942 1283 4025 0000000,οῐ00000000010000
1304 3961 1399 4008 cansa
1414 3948 1462 4008 eet
1476 3939 1678 4019 6011000110

306 4055 361 4137 qui
385 4052 447 4118 luit
469 4056 657 4135 procurator
680 4051 712 4115 in
735 4051 836 4133 prima
858 4050 1005 4115 instantia
1028 4056 1160 4116 nonest
1181 4044 1677 4134 procnmtariumnooappellr·

307 4162 419 4240 0000,
441 4162 474 4225 in
495 4160 613 4241 quum
644 4158 788 4224 terminia
818 4175 885 4225 eree
914 4158 1147 4241 intelligendam
1180 4156 1338 4223 6100000
1361 4172 1430 4238 eop.
1449 4157 1503 4239 tim
1525 4155 1562 4219 de
1584 4151 1679 4219 10060.

308 4272 345 4334 in
365 4266 398 4347 6,
418 4269 503 4334 dixit
527 4269 649 4334 Putour
669 4269 759 4333 docte
779 4263 845 4331 288
867 4266 916 4333 et.
939 4265 1019 4333 ain
1041 4268 1195 4333 eorrectio

397 4373 448 4441 eu
468 4378 547 4442 Nam
569 4375 704 4442 durante
725 4392 818 4443 00000
842 4393 904 4439 non
925 4375 1019 4441 dcloet
1040 4375 1177 4454 admitti,
1199 4392 1239 4440 ne
1259 4375 1291 4440 in
1314 4374 1423 4440 eadem
1445 4390 1537 4440 canor
1553 4373 1596 4438 eit
1610 4386 1683 4454 pare

307 4490 341 4552 et
362 4485 468 4564 tertio,
490 4484 575 4567 quod
597 4503 658 4549 non
682 4484 862 4550 admittitur
884 4500 933 4564 ne,
947 4483 1057 4548 eodem
1080 4488 1233 4567 tempore,
1246 4482 1348 4549 officio
1375 4487 1442 4549 tem
1463 4482 1588 4547 direroo
1610 4478 1683 4542 lun-

308 4594 544 4677 gammone
576 4593 673 4659 000011
702 4593 772 4660 ltoc
803 4609 866 4658 cor.
898 4591 1025 4660 coccii
1054 4594 1084 4657 d
1112 4595 1203 4658 deris,
1232 4589 1300 4658 1003
1331 4612 1364 4659 m
1390 4588 1685 4658 3000001011οο

308 4701 430 4786 allegat
1653 4776 1665 4783 ,

396 4803 449 4873 87.
471 4808 530 4875 Sed
553 4809 652 4874 immo
673 4811 757 4891 quod
779 4826 836 4877 nec
856 4812 954 4878 06000
976 4811 1073 4893 poerit
1094 4816 1363 4894 procuratorene
1378 4811 1467 4878 testie
1480 4809 1567 4876 0000
1590 4820 1685 4871 camo
