3734 5750
519 290 575 359 DE
597 289 984 361 PROCURA'IURIBUS.
1006 294 1095 360 cte.
1118 295 1198 362 (191.

258 464 289 533 9.
313 462 460 545 obreptio
481 463 518 525 in
543 461 712 542 Principii
732 461 901 529 audientia
923 471 967 527 ert
990 463 1186 530 detemie.
1232 464 1238 471 ’

239 570 289 637 19.
312 573 357 637 Et
380 569 551 635 dummodo
572 568 679 634 eadem
693 578 788 652 qesta,
807 571 933 653 fuerint
956 571 1115 654 ratificata
1128 574 1222 655 prius
1236 592 1337 657 quant
1356 574 1478 640 dictum

368 680 469 761 suerit
491 678 529 742 de
551 678 699 743 nullitate
720 695 760 740 ea
781 678 863 741 dicta
886 681 998 760 capite.

240 787 291 852 11.
315 788 401 867 Quid
422 787 451 851 ri
466 786 631 870 ratificaret
645 785 783 849 declaret
797 802 829 850 ee
844 784 929 849 dieta
942 794 1028 866 qetta
1043 786 1190 852 llaluiece
1206 796 1283 853 rata
1302 798 1477 871 antequam

368 897 404 960 de
427 896 558 959 illarum
582 894 728 958 nullitate
751 901 826 957 erret
848 891 994 958 dictum?

239 1004 289 1071 12
314 1004 454 1089 Sequens
475 1002 644 1084 radicatio
666 1000 845 1065 coenant
867 1000 963 1065 etiarn
986 1010 1074 1083 qeeta
1093 1006 1154 1083 per
1175 1011 1332 1067 assertum
1356 1020 1478 1084 procu

370 1121 530 1187 ratonem,
544 1118 573 1174 et
587 1125 670 1191 quae
685 1109 834 1192 alioquin
848 1111 1048 1191 requirerent
1063 1112 1197 1193 rpeeiale
1211 1113 1412 1177 mandatnm.

238 1221 290 1287 13.
315 1221 491 1288 Contraria
513 1218 651 1302 affertur
672 1219 791 1298 opinio.

211 1336 214 1341 '
239 1325 290 1393 tt.
311 1328 430 1393 Colcon.
451 1345 532 1391 cono
554 1325 599 1390 77
622 1344 652 1390 n.
676 1323 719 1390 10
741 1334 837 1408 atque
858 1326 946 1390 illine
960 1329 1096 1392 melae
1110 1330 1320 1411 refutantur,
1335 1337 1362 1392 et
1377 1328 1476 1393 datur

368 1438 541 1501 intellectae
563 1434 690 1501 Glossae
713 1435 764 1499 lin.
788 1436 819 1499 in
842 1433 876 1500 L.
897 1436 924 1502 oi
946 1439 1081 1501 maritus
1101 1438 1169 1502 cod.
1191 1438 1292 1503 mand.
1372 1456 1376 1471 ·

237 1546 288 1612 15.
311 1545 404 1613 aena
424 1562 482 1626 per
502 1553 747 1626 procuratorem
776 1562 842 1608 mn
864 1545 1028 1610 nolentem
1055 1547 1248 1610 mandatum
1277 1564 1343 1610 non
1373 1548 1475 1611 saturn

1481 297 1546 363 563

367 1662 499 1736 ponunt
524 1652 682 1734 ratificari
701 1660 723 1713 a
744 1652 890 1731 dmnino,
911 1654 965 1717 ced
986 1655 1080 1717 etiarn
1102 1654 1143 1718 cl
1168 1653 1236 1734 ciue
1262 1665 1476 1735 procuratore
1618 1648 1620 1651 ’

366 1762 495 1826 darnino
516 1761 580 1825 litir
602 1758 727 1840 effraim
749 1760 818 1825 lica
839 1761 897 1826 itte
926 1776 1073 1841 caprena
1102 1769 1231 1826 tarnum
1252 1778 1290 1825 ea
1312 1763 1475 1845 ratificare

367 1870 479 1934 caleat

237 1976 288 2043 16.
311 1976 520 2045 Contrarium
541 1985 650 2041 tamen
669 1976 819 2061 procedi
832 1985 870 2041 ut
892 1976 1008 2041 tcilim
1024 1994 1089 2042 non
1102 1977 1224 2057 posint
1238 1976 1404 2059 retinenti,
1420 1976 1476 2040 uli

366 2087 497 2151 illorum
517 2086 686 2168 rectificatio
708 2084 848 2150 tenderet
870 2086 906 2149 in
925 2083 1168 2166 praejudicium
1184 2085 1272 2149 tertii
1293 2085 1348 2147 eui
1368 2100 1409 2148 ea
1431 2083 1474 2147 eir

361 2193 434 2274 jam
457 2201 532 2258 enee
549 2192 607 2272 jur
628 2194 818 2275 quaeritum.

236 2299 288 2365 17.
311 2300 486 2367 Contraria
506 2303 648 2383 refertur
670 2303 790 2382 opinio,
810 2317 893 2383 quae
914 2302 1044 2384 qttando
1061 2300 1222 2382 procedat

237 2406 287 2474 18.
310 2408 370 2473 lut
391 2409 511 2473 dicitur
531 2408 624 2473 tertio
654 2409 835 2490 quaeritrrnt
864 2410 995 2491 quando
1018 2409 1088 2489 ciue
1109 2410 1239 2473 nornine
1265 2410 1302 2473 de
1323 2419 1473 2475 actarum

364 2516 513 2581 nullitate
532 2518 598 2599 suit
618 2517 808 2597 appariturn.

235 2623 286 2689 19.
311 2624 383 2704 Ouo
406 2642 485 2690 eant
507 2643 564 2690 nce
586 2626 694 2689 minor
707 2624 849 2706 qettaal
862 2636 985 2691 auerta
998 2625 1067 2707 ejus
1078 2633 1292 2707 procuratore
1307 2626 1481 2718 ratificare‘

366 2734 455 2797 calu.

231 2839 284 2908 20.
310 2841 448 2922 mande
470 2843 617 2926 neqatioa
635 2843 789 2926 procedat
812 2846 977 2912 rentcntia

230 2947 285 3014 21.
308 2950 390 3015 ltent
413 2951 542 3034 quanda
561 2952 712 3034 pracedat
733 2955 889 3020 cententio
912 2956 1069 3036 nepetioa.

230 3058 283 3125 22
308 3059 461 3127 δίτηίἰίιιν
496 3070 582 3142 pena
616 3079 677 3142 per
707 3062 894 3144 lujuemadi
928 3072 1176 3145 procuratorem
1213 3064 1372 3148 ratificari
1406 3082 1472 3130 non

361 3177 495 3250 potsunt
516 3168 571 3233 udi
592 3168 644 3233 len
664 3170 712 3234 oel
733 3179 892 3235 rtatutum
913 3171 955 3236 ab
977 3173 1069 3236 initia
1091 3175 1227 3255 requirit
1248 3172 1448 3238 mandatum.

229 3273 283 3340 23
306 3277 486 3359 Ratificatia
506 3284 614 3341 tamen
636 3278 672 3340 in
695 3276 852 3343 damnnm
874 3281 1063 3362 ratificantir
1085 3281 1175 3346 calet

229 3382 284 3450 21.
308 3384 361 3452 Sic
383 3388 479 3451 etiarn
501 3386 556 3451 udi
576 3385 770 3452 mandalum
790 3405 852 3470 pro
871 3390 984 3471 (arem
1007 3399 1100 3456 aaut
1120 3392 1198 3471 perti
1217 3392 1403 3474 requiritur.

228 3492 349 3558 23131
376 3503 546 3577 postquam
576 3496 643 3577 snit
674 3497 852 3575 oppositum
884 3494 922 3559 de
951 3496 1105 3560 mndata
1143 3516 1217 3561 eum
1247 3498 1470 3578 paecuniam

363 3603 490 3684 quanda
511 3610 594 3683 qerta
617 3604 774 3685 ratificari
796 3622 863 3668 non
883 3606 1026 3685 partini,
1049 3606 1126 3692 quia
1148 3614 1227 3670 tune
1247 3623 1299 3670 ree
1321 3623 1389 3669 nan
1419 3606 1471 3669 di·

365 3709 449 3772 citur
472 3710 605 3790 inteqra.

229 3814 283 3881 26.
308 3816 495 3899 llatiqicatio,
516 3826 553 3881 ut
574 3817 694 3895 relevet,
715 3837 751 3882 re
771 3820 896 3900 inteqra
916 3821 986 3904 lieri
1008 3821 1099 3887 dedet

230 3925 284 3990 27.
314 3926 365 3990 Vel
386 3925 441 3990 uli
463 3929 573 4007 aqitur
593 3928 630 3990 dc
651 3935 727 3992 netu
748 3930 806 4009 qui
826 3946 893 3993 non
915 3930 1063 4012 dependet
1089 3928 1129 3993 ab
1150 3930 1219 4010 ipra
1240 3928 1424 4010 ratificante.

227 4030 281 4097 28.
305 4033 405 4098 Pater
425 4050 492 4097 non
514 4042 613 4113 poten
635 4037 798 4118 ratitecre
826 4037 1084 4118 lepitirnationem
1115 4040 1238 4120 saetam
1269 4053 1291 4100 a
1317 4037 1469 4116 Principe

358 4143 401 4207 ad
419 4143 605 4224 petitionem
623 4143 701 4227 falti
722 4146 965 4225 procuratorio,
988 4146 1068 4226 quia
1090 4144 1146 4209 illa
1168 4163 1235 4209 non
1257 4143 1297 4208 ab
1312 4162 1348 4209 ec
1362 4143 1414 4207 red
1427 4142 1468 4207 al

361 4250 430 4331 ipra
454 4249 611 4331 Principe
632 4251 791 4334 dependet.

227 4356 281 4423 29.
304 4356 403 4425 Nema
422 4367 523 4439 poten
544 4359 703 4442 rectificare
724 4370 833 4427 auum
855 4377 949 4444 quem
971 4362 1037 4442 ipre
1057 4377 1164 4441 perere
1187 4377 1254 4423 non
1274 4366 1410 4439 peterat.

227 4462 280 4530 30.
303 4464 374 4533 Nan
394 4475 492 4549 potest
510 4468 638 4547 pariter
667 4471 825 4553 radicari
852 4478 945 4533 actuo
974 4471 1009 4531 in
1041 4468 1134 4548 ntjuc
1163 4469 1372 4550 replicatione
1401 4468 1466 4548 (nit

267 4637 271 4643 .
361 4578 582 4657 peccatum-in
604 4578 723 4659 (ama

228 4679 281 4747 31.
311 4683 361 4748 Vel
381 4686 439 4765 qui
459 4686 525 4765 suit
549 4684 588 4747 al
611 4687 700 4749 initia
724 4686 841 4749 nullut.
