3734 5750
318 327 383 394 tot
740 321 941 390 Luuovlcl
962 319 1084 388 cunci
1107 321 1253 387 TRACT.

320 511 424 558 onon
454 486 632 558 interfuerit
662 491 761 572 patris
790 506 972 565 mutemus,
1002 488 1094 553 debet
1115 488 1257 552 sufficere
1287 487 1430 552 instantio
1453 489 1576 571 saepius
1597 489 1674 554 laeta

319 625 337 662 u
361 620 419 684 pro
441 600 493 663 illo
516 597 700 677 obtinendo,
724 598 795 663 ilot.
814 598 902 661 decis.
926 594 969 659 53
992 616 1023 660 u.
1047 594 1067 659 3
1086 614 1159 677 por.
1181 593 1202 656 2
1225 596 1348 660 Recepi.

407 709 505 773 «Vel
527 709 586 772 nisi
616 712 730 790 agatur
760 706 798 769 de
819 721 911 769 causa
934 703 1110 784 spirituali,
1139 703 1212 782 quia
1236 707 1313 767 tunc
1342 701 1553 769 filiusfamilias
1575 708 1677 786 potest

319 838 337 878 c
361 821 445 882 stare
469 818 501 879 ia
521 815 637 898 judicio
659 815 754 878 etiam
776 814 840 877 sine
863 829 1014 879 consensu
1029 813 1146 895 patris,
1170 811 1241 875 llot
1255 813 1284 876 d
1298 812 1387 875 decis.
1401 810 1465 874 571
1488 831 1520 876 u.
1537 811 1553 875 1
1569 810 1675 895 poet

320 947 337 984 u
363 933 433 988 tom.
459 923 475 985 1
503 923 626 988 Receut.

406 1027 436 1094 t.
458 1031 702 1113 Specilicandam
733 1034 836 1093 tamen
858 1035 906 1094 est
929 1034 964 1094 et
992 1027 1233 1111 exprimendum
1264 1028 1296 1092 in
1327 1031 1545 1111 procuratorio
1569 1048 1676 1097 nomen

320 1141 404 1205 illius
424 1140 479 1220 qui
502 1140 540 1203 ad
561 1138 790 1221 procurationis
812 1155 928 1202 munus
949 1137 1093 1220 eligitur,
1118 1135 1153 1198 t.
1176 1133 1197 1197 2
1217 1135 1247 1217 tl
1264 1136 1301 1199 de
1318 1146 1483 1217 procurat

406 1249 494 1315 Unde
515 1266 576 1311 non
599 1249 663 1311 sine
685 1247 805 1310 ratione
827 1244 1017 1326 Hippolytus
1039 1244 1075 1308 de
1098 1243 1220 1307 Mersit.
1242 1246 1278 1306 iu
1300 1244 1335 1307 L.
1357 1246 1384 1306 si
1401 1245 1472 1326 quis
1487 1263 1525 1307 ue
1540 1218 1675 1327 quaestio

321 1377 352 1421 u.
375 1355 417 1419 59
437 1356 467 1437 ff
486 1355 521 1418 de
542 1355 729 1436 quatenoc„
752 1350 953 1435 reprehendit
974 1351 1146 1432 practicam
1171 1352 1380 1417 constituendi
1401 1358 1619 1435 procuratores
1639 1356 1674 1420 ad

319 1463 529 1530 confitendum
552 1461 708 1539 debitum,
723 1465 756 1526 et
770 1460 1000 1543 suscipiendum
1016 1458 1187 1523 terminum
1201 1458 1240 1522 ad
1255 1458 1446 1538 solvendum,
1459 1478 1567 1526 omnes
1580 1463 1676 1526 causi-

320 1571 405 1635 dicos
419 1569 457 1632 de
473 1568 608 1645 mundo,
630 1586 703 1632 cum
727 1573 856 1651 propter
878 1567 1131 1632 incertitudinem
1156 1568 1320 1649 ignoretur
1340 1568 1412 1648 quis
1427 1586 1498 1633 vere
1511 1570 1553 1634 sit
1566 1572 1677 1635 consti-

320 1684 410 1745 tutus
427 1680 625 1760 procurator,
646 1681 679 1740 et
702 1676 825 1741 deficiat
846 1676 1049 1741 simultaneus
1070 1690 1236 1741 coruscusus
1249 1675 1424 1741 mandantis
1437 1680 1471 1740 et
1484 1676 1676 1755 mandatarii,

200 1855 205 1867 ,
320 1788 358 1849 ut
373 1784 512 1848 diximus
533 1800 627 1864 supra
650 1799 719 1864 cup.
744 1782 871 1847 XVIII
891 1803 923 1847 u.
945 1780 988 1845 23
1011 1800 1088 1846 vers.
1111 1782 1155 1845 Et
1178 1783 1252 1845 binc
1275 1782 1462 1864 Hippolytus
1484 1784 1606 1850 Mersit.

409 1891 439 1954 5.
461 1890 671 1970 Quamobrem
693 1892 720 1955 si
741 1892 979 1973 cognoverimus
994 1907 1148 1970 quaenam
1164 1907 1311 1970 personae
1332 1889 1521 1971 repellantur
1534 1895 1571 1957 ab
1584 1911 1677 1958 exer·

320 2001 416 2067 cendo
438 2001 575 2064 officium
598 2000 820 2081 procuratoris,
843 2016 1063 2083 cognoscemus
1084 1999 1180 2062 etiarn
1202 1998 1257 2078 qui
1280 1997 1355 2061 illud
1377 2015 1524 2062 exercere
1545 2002 1675 2082 possint,

320 2130 393 2176 cum
417 2128 458 2174 ex
480 2109 657 2192 cognitione
680 2109 773 2173 unius
794 2126 836 2172 ex
857 2107 1022 2173 contrariis
1044 2105 1175 2171 resultet
1197 2105 1338 2186 cognitio
1360 2105 1489 2170 alterius
1504 2103 1561 2191 31
1583 2111 1677 2174 instit.

320 2220 357 2282 de
379 2221 427 2282 bis
448 2220 504 2299 put
524 2226 600 2281 suut
622 2219 674 2280 sui
693 2218 740 2280 vel
762 2217 859 2279 alicui
875 2215 978 2295 juris,
999 2211 1022 2297 3
1047 2212 1064 2274 1
1089 2214 1185 2277 instit.
1206 2213 1243 2275 dc
1264 2212 1348 2275 tutet.
1362 2220 1390 2276 et
1405 2213 1569 2296 utrobique
1585 2214 1677 2280 Gtcsc.

409 2323 529 2390 Multae
551 2328 656 2388 autern
679 2328 756 2387 sunt
773 2340 978 2405 personarum
1007 2322 1139 2403 specics,
1161 2321 1275 2401 quibus
1303 2324 1516 2401 procuratoris
1544 2326 1676 2389 cilicium

321 2436 369 2495 eat
392 2430 612 2505 interdictum,
636 2447 716 2510 quae
737 2431 851 2512 cuique
872 2430 994 2494 obviam
1017 2430 1098 2494 liunt
1119 2429 1151 2495 iu
1166 2436 1218 2492 tot.
1233 2431 1278 2493 tit.
1292 2428 1322 2510 tt*
1332 2437 1360 2491 et
1375 2431 1439 2493 cett
1453 2432 1489 2493 de
1501 2445 1677 2513 procurat,

319 2537 445 2618 quassi
467 2537 603 2619 singulas
625 2537 742 2601 reterre
765 2538 855 2602 velim
879 2542 912 2601 et
934 2537 1013 2601 mibi
1034 2536 1233 2613 laboriosum,
1248 2540 1281 2600 et
1294 2536 1401 2605 lectori
1418 2538 1499 2605 loret
1513 2542 1677 2624 tediosum;

321 2648 439 2727 aliquas
462 2651 564 2710 tamen
587 2645 704 2709 referre
726 2645 875 2710 constitui
898 2661 978 2724 quae
1000 2643 1206 2708 declaratione
1228 2643 1368 2726 indigere
1389 2646 1469 2710 visae
1490 2653 1573 2713 sunt

362 2762 367 2771 ’
395 2754 437 2819 o.
460 2755 551 2822 Miles
573 2755 701 2833 itaque,
718 2757 755 2817 ut
776 2752 849 2816 binc
868 2752 1036 2835 exordiar,
1050 2756 1098 2816 est
1119 2752 1296 2832 prohibitus
1318 2740 1534 2835 procuratorio
1556 2759 1678 2821 nomine

322 2868 353 2930 in
376 2864 493 2948 J‘udicio
514 2879 712 2944 comparere,
729 2859 765 2924 L.
778 2860 1005 2943 filiusfamilias
1020 2856 1045 2944 3
1058 2860 1198 2928 morcui
1219 2859 1250 2940 tl
1265 2860 1302 2923 de
1313 2861 1539 2942 procurat.,L.
1553 2863 1679 2932 mutem

321 2976 384 3038 cod.
407 2974 536 3036 rediit
1408 2993 1411 2998 ·

409 3077 439 3141 7.
463 3079 653 3160 amplietur,
667 3075 710 3139 1.⁰
731 3079 769 3139 ut
790 3075 850 3144 hoc
870 3076 1018 3158 procedat
1040 3077 1136 3142 elium
1157 3076 1321 3142 accedente
1336 3094 1485 3143 consensu
1498 3079 1678 3157 adversarii,

321 3186 349 3248 d.
372 3182 396 3270 3
419 3186 573 3249 uerunt:
595 3202 666 3248 cum
690 3182 772 3246 enirn
795 3182 853 3250 ista
875 3182 1045 3263 prohibitio
1067 3185 1108 3248 sit
1129 3183 1256 3259 mndata
1278 3203 1372 3267 super
1393 3187 1513 3267 publica
1536 3189 1680 3266 utilitate,

322 3295 409 3358 dL.
432 3293 562 3357 militem
583 3294 712 3374 inpiis,
745 3290 788 3354 illi
818 3310 878 3358 nou
910 3295 1013 3372 potest
1045 3291 1126 3362 lacto
1158 3292 1353 3374 privatorum
1384 3293 1548 3377 derogari,
1568 3296 1604 3362 L
1621 3295 1679 3375 jiss

321 3402 482 3480 singulare
503 3400 534 3481 ff
550 3401 585 3463 dc
607 3399 691 3480 legib.
968 3471 970 3474 ¹
1212 3463 1213 3470 ,

409 3507 439 3572 8.
463 3509 642 3591 Ampliatur
664 3505 708 3570 2⁰
731 3512 768 3571 ut
791 3507 950 3571 milestrec
965 3508 1059 3572 etiam
1074 3508 1172 3587 possit
1186 3507 1334 3572 constitui
1349 3515 1567 3589 procuratore
1582 3516 1678 3591 patre,

323 3622 442 3697 matre,
464 3616 579 3693 fratre,
601 3615 648 3681 vel
670 3616 708 3679 ab
730 3614 798 3680 aliis
819 3614 981 3695 quibusvis
1002 3597 1191 3695 conjunctis,
1213 3615 1242 3678 u
1265 3615 1300 3678 t.
1323 3615 1462 3679 mittem

338 3745 341 3754 ·
408 3723 438 3787 ll.
461 3724 639 3807 Ampliatur
662 3719 706 3806 35?
727 3726 766 3786 ut
788 3722 936 3804 procedat
957 3723 1050 3790 etiam
1067 3722 1099 3788 iu
1113 3721 1212 3786 milite
1227 3722 1366 3786 coelestis
1380 3723 1526 3800 militiae,
1540 3721 1564 3808 3
1578 3725 1677 3786 otium

321 3841 453 3910 cutm,
469 3834 560 3896 autb.
580 3832 617 3894 de
643 3829 701 3895 SS.
724 3829 887 3910 Episcop,
910 3829 949 3893 de
970 3830 1059 3910 cuius
1080 3828 1432 3910 ampliationisveritate
1447 3830 1584 3896 dicemus
1599 3830 1678 3894 inira

323 3960 354 4005 u.
377 3939 420 4002 20
442 3941 474 4004 in
495 3956 573 4004 vers
596 3939 732 4018 religiosi
753 3938 856 4002 etium.

410 4047 461 4112 lt).
483 4047 654 4112 Limitutur
683 4050 791 4112 cutem
821 4063 914 4127 supra
946 4046 1067 4110 firmato
1098 4044 1272 4122 conclusio,
1295 4045 1320 4109 si
1342 4045 1403 4110 boc
1425 4044 1517 4110 militi
1540 4050 1679 4125 tempore

323 4157 385 4222 litis
407 4155 656 4233 contestationis,
678 4169 735 4216 nec
755 4153 794 4216 ab
814 4153 936 4234 judice,
957 4170 1014 4218 nec
1034 4154 1073 4217 ab
1093 4152 1267 4217 adversario
1290 4158 1484 4235 opponatur,
1506 4152 1541 4217 t.
1563 4154 1608 4216 itu
1627 4151 1679 4213 de·

324 4282 414 4329 mum
445 4265 508 4328 eud
537 4265 574 4327 dc
600 4270 782 4342 procuret,
813 4259 911 4326 Gloss.
930 4262 970 4324 ‘iu
994 4260 1022 4324 d.
1048 4256 1072 4344 3
1100 4260 1260 4332 cusiaci,
1293 4259 1442 4324 Hercules
1474 4259 1679 4323 Murescottus

321 4373 440 4434 carior.
463 4371 586 4433 resotut
608 4368 657 4432 tib.
683 4365 698 4428 1
722 4385 790 4448 cop.
813 4366 857 4430 92
879 4387 911 4432 o.
937 4366 986 4432 11.
1011 4393 1013 4400 v
1050 4419 1053 4430 .

412 4475 462 4540 11.
483 4478 677 4559 Proindeque
700 4475 731 4538 in
755 4475 814 4540 boc
835 4476 905 4558 plus
926 4479 1076 4556 operatur
1091 4476 1292 4552 'conniventia
1316 4481 1349 4540 et
1373 4477 1487 4554 tacitus
1501 4491 1680 4548 consensus,

324 4601 418 4666 quam
434 4587 561 4664 pactum
575 4587 608 4646 et
621 4599 787 4650 consensus
808 4600 991 4665 expressus,
1014 4587 1056 4646 ut
1072 4583 1188 4648 dicitur
1211 4585 1249 4648 de
1273 4603 1327 4649 reo
1349 4585 1508 4660 criminis,
1529 4585 1585 4664 qui
1607 4583 1679 4646 licet

323 4712 385 4758 non
406 4691 503 4773 possit
524 4707 668 4772 expresse
689 4690 872 4756 renunciare
885 4689 1131 4770 defensionibus,
1146 4688 1242 4758 dices.
1255 4693 1308 4773 piu.
1323 4692 1365 4755 ud
1379 4693 1431 4773 pu.
1446 4694 1481 4754 io
1499 4690 1534 4755 L.
1546 4697 1680 4770 pactum

323 4803 405 4865 iuter
427 4798 587 4862 inermem
608 4796 692 4877 tide
709 4805 812 4877 poet,
831 4814 890 4879 per
909 4807 983 4872 teu,
997 4798 1032 4866 iu
1060 4797 1092 4860 t.
1115 4816 1180 4862 ono
1201 4808 1329 4874 tautum
1347 4801 1378 4882 ff
1396 4801 1438 4862 dc·
1455 4801 1600 4880 appellet.
