<?xml version="1.0" encoding="UTF-8"?>
<!DOCTYPE html PUBLIC "-//W3C//DTD XHTML 1.0 Transitional//EN"
    "http://www.w3.org/TR/xhtml1/DTD/xhtml1-transitional.dtd">
<html xmlns="http://www.w3.org/1999/xhtml" xml:lang="en" lang="en">
 <head>
  <title>
</title>
<meta http-equiv="Content-Type" content="text/html;charset=utf-8" />
  <meta name='ocr-system' content='tesseract 3.04.00' />
  <meta name='ocr-capabilities' content='ocr_page ocr_carea ocr_par ocr_line ocrx_word'/>
</head>
<body>
  <div class='ocr_page' id='page_1' title='image "./tractatusdeproc00cencgoog_0233.png"; bbox 0 0 3734 5750; ppageno 0'>
   <div class='ocr_carea' id='block_1_1' title="bbox 535 352 1546 481">
    <p class='ocr_par' dir='ltr' id='par_1_1' title="bbox 535 352 1546 481">
     <span class='ocr_line' id='line_1_1' title="bbox 535 352 1546 481; baseline 0.016 -16"><span class='ocrx_word' id='word_1_1' title='bbox 535 395 589 468; x_wconf 86' lang='lat' dir='ltr'><strong>os</strong></span> <span class='ocrx_word' id='word_1_2' title='bbox 613 396 998 474; x_wconf 75' lang='lat' dir='ltr'><strong>enoeunsroanus</strong></span> <span class='ocrx_word' id='word_1_3' title='bbox 1020 408 1107 477; x_wconf 77' lang='lat' dir='ltr'><strong>ele.</strong></span> <span class='ocrx_word' id='word_1_4' title='bbox 1130 412 1195 478; x_wconf 73' lang='lat' dir='ltr'><strong>xc</strong></span> <span class='ocrx_word' id='word_1_5' title='bbox 1290 352 1294 361; x_wconf 37' lang='lat'>¹</span> <span class='ocrx_word' id='word_1_6' title='bbox 1482 412 1546 481; x_wconf 79' lang='lat' dir='ltr'><strong>ae</strong></span> 
     </span>
    </p>
   </div>
   <div class='ocr_carea' id='block_1_2' title="bbox 160 562 1590 4982">
    <p class='ocr_par' dir='ltr' id='par_1_2' title="bbox 179 562 1546 761">
     <span class='ocr_line' id='line_1_2' title="bbox 185 562 1546 668; baseline 0.013 -35"><span class='ocrx_word' id='word_1_7' title='bbox 185 562 252 633; x_wconf 86' lang='lat' dir='ltr'><strong>telis</strong></span> <span class='ocrx_word' id='word_1_8' title='bbox 273 568 457 649; x_wconf 86' lang='lat' dir='ltr'><strong>declaratus,</strong></span> <span class='ocrx_word' id='word_1_9' title='bbox 478 585 540 633; x_wconf 78' lang='lat' dir='ltr'><strong>nour</strong></span> <span class='ocrx_word' id='word_1_10' title='bbox 563 574 667 652; x_wconf 83' lang='lat' dir='ltr'><strong>potest</strong></span> <span class='ocrx_word' id='word_1_11' title='bbox 689 574 850 653; x_wconf 65' lang='lat' dir='ltr'><strong>umquam</strong></span> <span class='ocrx_word' id='word_1_12' title='bbox 875 573 1017 640; x_wconf 82' lang='lat' dir='ltr'><strong>iubebitis</strong></span> <span class='ocrx_word' id='word_1_13' title='bbox 1039 579 1105 659; x_wconf 86' lang='lat' dir='ltr'><strong>ipso</strong></span> <span class='ocrx_word' id='word_1_14' title='bbox 1126 584 1196 661; x_wconf 80' lang='lat' dir='ltr'><strong>jure</strong></span> <span class='ocrx_word' id='word_1_15' title='bbox 1220 583 1312 647; x_wconf 87' lang='lat' dir='ltr'><strong>alteri</strong></span> <span class='ocrx_word' id='word_1_16' title='bbox 1328 601 1388 646; x_wconf 91' lang='lat' dir='ltr'><strong>non</strong></span> <span class='ocrx_word' id='word_1_17' title='bbox 1403 596 1546 668; x_wconf 87' lang='lat' dir='ltr'><strong>suspecto</strong></span> 
     </span>
     <span class='ocr_line' id='line_1_3' title="bbox 179 677 479 761; baseline 0.017 -23"><span class='ocrx_word' id='word_1_18' title='bbox 179 682 305 742; x_wconf 69' lang='lat' dir='ltr'><strong>cetrum</strong></span> <span class='ocrx_word' id='word_1_19' title='bbox 327 677 479 761; x_wconf 73' lang='lat' dir='ltr'><strong>ddegare.</strong></span> 
     </span>
    </p>

    <p class='ocr_par' dir='ltr' id='par_1_3' title="bbox 174 782 1545 1306">
     <span class='ocr_line' id='line_1_4' title="bbox 268 782 1545 879; baseline 0.012 -28"><span class='ocrx_word' id='word_1_20' title='bbox 268 782 299 850; x_wconf 86' lang='grc'>1.</span> <span class='ocrx_word' id='word_1_21' title='bbox 319 785 408 866; x_wconf 86' lang='lat' dir='ltr'><strong>Quae</strong></span> <span class='ocrx_word' id='word_1_22' title='bbox 429 786 586 853; x_wconf 72' lang='lat' dir='ltr'><strong>conclusio</strong></span> <span class='ocrx_word' id='word_1_23' title='bbox 608 791 804 871; x_wconf 88' lang='lat' dir='ltr'><strong>eomprobari</strong></span> <span class='ocrx_word' id='word_1_24' title='bbox 826 792 923 858; x_wconf 88' lang='lat' dir='ltr'><strong>etiam</strong></span> <span class='ocrx_word' id='word_1_25' title='bbox 947 801 1050 877; x_wconf 90' lang='lat' dir='ltr'><strong>potest</strong></span> <span class='ocrx_word' id='word_1_26' title='bbox 1073 797 1130 861; x_wconf 90' lang='lat' dir='ltr'><strong>bac</strong></span> <span class='ocrx_word' id='word_1_27' title='bbox 1162 798 1302 873; x_wconf 87' lang='lat' dir='ltr'><strong>ratione,</strong></span> <span class='ocrx_word' id='word_1_28' title='bbox 1326 801 1399 879; x_wconf 86' lang='lat' dir='ltr'><strong>quia</strong></span> <span class='ocrx_word' id='word_1_29' title='bbox 1423 804 1448 865; x_wconf 90' lang='lat' dir='ltr'><strong>si</strong></span> <span class='ocrx_word' id='word_1_30' title='bbox 1471 822 1545 866; x_wconf 78' lang='lat' dir='ltr'><strong>oon</strong></span> 
     </span>
     <span class='ocr_line' id='line_1_5' title="bbox 179 895 1543 988; baseline 0.008 -28"><span class='ocrx_word' id='word_1_31' title='bbox 179 895 333 963; x_wconf 83' lang='lat' dir='ltr'><strong>stituetur</strong></span> <span class='ocrx_word' id='word_1_32' title='bbox 354 901 543 979; x_wconf 89' lang='lat' dir='ltr'><strong>procurator</strong></span> <span class='ocrx_word' id='word_1_33' title='bbox 563 897 676 978; x_wconf 83' lang='lat' dir='ltr'><strong>aliquis</strong></span> <span class='ocrx_word' id='word_1_34' title='bbox 696 902 986 968; x_wconf 82' lang='lat' dir='ltr'><strong>excommunicatus</strong></span> <span class='ocrx_word' id='word_1_35' title='bbox 1007 905 1157 984; x_wconf 79' lang='lat' dir='ltr'><strong>existens,</strong></span> <span class='ocrx_word' id='word_1_36' title='bbox 1170 909 1205 969; x_wconf 91' lang='lat' dir='ltr'><strong>et</strong></span> <span class='ocrx_word' id='word_1_37' title='bbox 1218 907 1263 970; x_wconf 88' lang='lat' dir='ltr'><strong>sic</strong></span> <span class='ocrx_word' id='word_1_38' title='bbox 1284 907 1349 987; x_wconf 91' lang='lat' dir='ltr'><strong>ipso</strong></span> <span class='ocrx_word' id='word_1_39' title='bbox 1368 909 1440 988; x_wconf 80' lang='lat' dir='ltr'><strong>jure</strong></span> <span class='ocrx_word' id='word_1_40' title='bbox 1455 908 1543 971; x_wconf 83' lang='lat' dir='ltr'><strong>inba-</strong></span> 
     </span>
     <span class='ocr_line' id='line_1_6' title="bbox 177 1004 1545 1096; baseline 0.005 -27"><span class='ocrx_word' id='word_1_41' title='bbox 177 1004 257 1085; x_wconf 89' lang='lat' dir='ltr'><strong>bilis,</strong></span> <span class='ocrx_word' id='word_1_42' title='bbox 280 1010 319 1072; x_wconf 92' lang='lat' dir='ltr'><strong>ut</strong></span> <span class='ocrx_word' id='word_1_43' title='bbox 338 1005 479 1071; x_wconf 76' lang='lat' dir='ltr'><strong>diximus</strong></span> <span class='ocrx_word' id='word_1_44' title='bbox 500 1007 529 1069; x_wconf 81' lang='lat' dir='ltr'><strong>ot</strong></span> <span class='ocrx_word' id='word_1_45' title='bbox 549 1020 619 1086; x_wconf 86' lang='lat' dir='ltr'><strong>cop.</strong></span> <span class='ocrx_word' id='word_1_46' title='bbox 644 1005 753 1070; x_wconf 83' lang='lat' dir='ltr'><em>XXII</em></span> <span class='ocrx_word' id='word_1_47' title='bbox 772 1022 848 1072; x_wconf 83' lang='lat' dir='ltr'><strong>cers.</strong></span> <span class='ocrx_word' id='word_1_48' title='bbox 869 1013 1172 1090; x_wconf 71' lang='lat' dir='ltr'><strong>exommunicatus,</strong></span> <span class='ocrx_word' id='word_1_49' title='bbox 1195 1012 1259 1094; x_wconf 89' lang='lat' dir='ltr'><strong>ipse</strong></span> <span class='ocrx_word' id='word_1_50' title='bbox 1282 1030 1342 1076; x_wconf 89' lang='lat' dir='ltr'><strong>non</strong></span> <span class='ocrx_word' id='word_1_51' title='bbox 1364 1018 1467 1096; x_wconf 75' lang='lat' dir='ltr'><strong>potest</strong></span> <span class='ocrx_word' id='word_1_52' title='bbox 1488 1012 1545 1077; x_wconf 88' lang='lat' dir='ltr'><strong>ba-</strong></span> 
     </span>
     <span class='ocr_line' id='line_1_7' title="bbox 177 1112 1543 1203; baseline 0.003 -24"><span class='ocrx_word' id='word_1_53' title='bbox 177 1114 272 1180; x_wconf 87' lang='lat' dir='ltr'><strong>bilem</strong></span> <span class='ocrx_word' id='word_1_54' title='bbox 295 1116 495 1192; x_wconf 80' lang='lat' dir='ltr'><strong>substituere,</strong></span> <span class='ocrx_word' id='word_1_55' title='bbox 518 1112 612 1179; x_wconf 81' lang='lat' dir='ltr'><strong>Gtoco.</strong></span> <span class='ocrx_word' id='word_1_56' title='bbox 634 1116 671 1177; x_wconf 87' lang='lat' dir='ltr'><strong>in</strong></span> <span class='ocrx_word' id='word_1_57' title='bbox 692 1130 760 1195; x_wconf 86' lang='lat' dir='ltr'><strong>cop.</strong></span> <span class='ocrx_word' id='word_1_58' title='bbox 778 1125 849 1197; x_wconf 84' lang='lat' dir='ltr'><strong>post</strong></span> <span class='ocrx_word' id='word_1_59' title='bbox 872 1120 1039 1182; x_wconf 69' lang='lat' dir='ltr'><strong>moenem</strong></span> <span class='ocrx_word' id='word_1_60' title='bbox 1062 1128 1140 1183; x_wconf 80' lang='lat' dir='ltr'><strong>retr.</strong></span> <span class='ocrx_word' id='word_1_61' title='bbox 1162 1120 1198 1183; x_wconf 88' lang='lat' dir='ltr'><strong>dc</strong></span> <span class='ocrx_word' id='word_1_62' title='bbox 1215 1120 1337 1203; x_wconf 62' lang='lat' dir='ltr'><strong>probo</strong></span> <span class='ocrx_word' id='word_1_63' title='bbox 1363 1121 1479 1185; x_wconf 88' lang='lat' dir='ltr'><strong>multos</strong></span> <span class='ocrx_word' id='word_1_64' title='bbox 1498 1121 1543 1184; x_wconf 90' lang='lat' dir='ltr'><strong>al-</strong></span> 
     </span>
     <span class='ocr_line' id='line_1_8' title="bbox 174 1218 989 1306; baseline 0.01 -24"><span class='ocrx_word' id='word_1_65' title='bbox 174 1218 280 1302; x_wconf 78' lang='lat' dir='ltr'><strong>leget,</strong></span> <span class='ocrx_word' id='word_1_66' title='bbox 302 1221 419 1286; x_wconf 63' lang='lat' dir='ltr'><strong>F&#39;ronc·</strong></span> <span class='ocrx_word' id='word_1_67' title='bbox 441 1220 524 1286; x_wconf 78' lang='lat' dir='ltr'><strong>nor.</strong></span> <span class='ocrx_word' id='word_1_68' title='bbox 546 1220 634 1286; x_wconf 74' lang='lat' dir='ltr'><strong>uoto</strong></span> <span class='ocrx_word' id='word_1_69' title='bbox 658 1219 744 1286; x_wconf 77' lang='lat' dir='ltr'><strong>leot</strong></span> <span class='ocrx_word' id='word_1_70' title='bbox 766 1240 798 1288; x_wconf 84' lang='lat' dir='ltr'><strong>n.</strong></span> <span class='ocrx_word' id='word_1_71' title='bbox 822 1224 843 1288; x_wconf 83' lang='lat'>5</span> <span class='ocrx_word' id='word_1_72' title='bbox 862 1241 936 1306; x_wconf 86' lang='lat' dir='ltr'><strong>por.</strong></span> <span class='ocrx_word' id='word_1_73' title='bbox 962 1225 989 1291; x_wconf 89' lang='lat'><strong>1.</strong></span> 
     </span>
    </p>

    <p class='ocr_par' dir='ltr' id='par_1_4' title="bbox 171 1326 1544 1610">
     <span class='ocr_line' id='line_1_9' title="bbox 253 1326 1544 1417; baseline 0.005 -25"><span class='ocrx_word' id='word_1_74' title='bbox 253 1326 297 1403; x_wconf 73' lang='lat' dir='ltr'><strong>ll.</strong></span> <span class='ocrx_word' id='word_1_75' title='bbox 320 1332 356 1396; x_wconf 92' lang='lat' dir='ltr'><strong>ln</strong></span> <span class='ocrx_word' id='word_1_76' title='bbox 386 1330 519 1395; x_wconf 62' lang='lat' dir='ltr'><strong>mundo</strong></span> <span class='ocrx_word' id='word_1_77' title='bbox 549 1346 623 1394; x_wconf 81' lang='lat' dir='ltr'><strong>essu</strong></span> <span class='ocrx_word' id='word_1_78' title='bbox 654 1330 813 1396; x_wconf 82' lang='lat' dir='ltr'><strong>concludit</strong></span> <span class='ocrx_word' id='word_1_79' title='bbox 842 1333 1020 1415; x_wconf 84' lang='lat' dir='ltr'><strong>supradicta</strong></span> <span class='ocrx_word' id='word_1_80' title='bbox 1054 1330 1150 1398; x_wconf 82' lang='lat' dir='ltr'><strong>Gtoos.</strong></span> <span class='ocrx_word' id='word_1_81' title='bbox 1181 1338 1217 1399; x_wconf 81' lang='lat' dir='ltr'><strong>lo</strong></span> <span class='ocrx_word' id='word_1_82' title='bbox 1248 1334 1342 1401; x_wconf 78' lang='lat' dir='ltr'><strong>olen.</strong></span> <span class='ocrx_word' id='word_1_83' title='bbox 1364 1338 1544 1417; x_wconf 73' lang='lat' dir='ltr'><strong>relictores,</strong></span> 
     </span>
     <span class='ocr_line' id='line_1_10' title="bbox 172 1438 1543 1524; baseline 0.001 -22"><span class='ocrx_word' id='word_1_84' title='bbox 172 1438 263 1516; x_wconf 82' lang='lat' dir='ltr'><strong>quod</strong></span> <span class='ocrx_word' id='word_1_85' title='bbox 284 1439 446 1504; x_wconf 85' lang='lat' dir='ltr'><strong>accedente</strong></span> <span class='ocrx_word' id='word_1_86' title='bbox 468 1438 591 1503; x_wconf 87' lang='lat' dir='ltr'><strong>lieentia</strong></span> <span class='ocrx_word' id='word_1_87' title='bbox 606 1443 641 1502; x_wconf 90' lang='lat' dir='ltr'><strong>et</strong></span> <span class='ocrx_word' id='word_1_88' title='bbox 654 1439 843 1505; x_wconf 86' lang='lat' dir='ltr'><strong>auctoritate</strong></span> <span class='ocrx_word' id='word_1_89' title='bbox 865 1442 963 1522; x_wconf 90' lang='lat' dir='ltr'><strong>possit</strong></span> <span class='ocrx_word' id='word_1_90' title='bbox 977 1440 1120 1506; x_wconf 87' lang='lat' dir='ltr'><strong>inhabilis</strong></span> <span class='ocrx_word' id='word_1_91' title='bbox 1134 1442 1268 1507; x_wconf 85' lang='lat' dir='ltr'><strong>habilem</strong></span> <span class='ocrx_word' id='word_1_92' title='bbox 1282 1444 1474 1509; x_wconf 80' lang='lat' dir='ltr'><strong>substituere</strong></span> <span class='ocrx_word' id='word_1_93' title='bbox 1488 1458 1543 1524; x_wconf 90' lang='lat' dir='ltr'><strong>per</strong></span> 
     </span>
     <span class='ocr_line' id='line_1_11' title="bbox 171 1544 464 1610; baseline 0.007 -3"><span class='ocrx_word' id='word_1_94' title='bbox 171 1544 464 1610; x_wconf 56' lang='lat' dir='ltr'><strong>landam</strong></span> 
     </span>
    </p>

    <p class='ocr_par' dir='ltr' id='par_1_5' title="bbox 169 1650 1539 1844">
     <span class='ocr_line' id='line_1_12' title="bbox 261 1650 1539 1741; baseline 0.006 -27"><span class='ocrx_word' id='word_1_95' title='bbox 261 1650 291 1718; x_wconf 86' lang='lat' dir='ltr'><strong>d.</strong></span> <span class='ocrx_word' id='word_1_96' title='bbox 313 1654 371 1721; x_wconf 89' lang='lat' dir='ltr'><strong>Ubi</strong></span> <span class='ocrx_word' id='word_1_97' title='bbox 394 1654 559 1736; x_wconf 75' lang='lat' dir='ltr'><strong>religiosus</strong></span> <span class='ocrx_word' id='word_1_98' title='bbox 579 1655 605 1717; x_wconf 90' lang='lat' dir='ltr'><strong>si</strong></span> <span class='ocrx_word' id='word_1_99' title='bbox 628 1654 840 1719; x_wconf 87' lang='lat' dir='ltr'><strong>comtituatur</strong></span> <span class='ocrx_word' id='word_1_100' title='bbox 862 1659 1126 1736; x_wconf 85' lang='lat' dir='ltr'><strong>procuratorene</strong></span> <span class='ocrx_word' id='word_1_101' title='bbox 1141 1664 1245 1741; x_wconf 82' lang='lat' dir='ltr'><strong>potest</strong></span> <span class='ocrx_word' id='word_1_102' title='bbox 1266 1660 1332 1725; x_wconf 91' lang='lat' dir='ltr'><strong>sine</strong></span> <span class='ocrx_word' id='word_1_103' title='bbox 1347 1659 1469 1723; x_wconf 84' lang='lat' dir='ltr'><strong>lieentia</strong></span> <span class='ocrx_word' id='word_1_104' title='bbox 1491 1659 1539 1723; x_wconf 88' lang='lat' dir='ltr'><strong>sul</strong></span> 
     </span>
     <span class='ocr_line' id='line_1_13' title="bbox 169 1762 683 1844; baseline 0.002 -20"><span class='ocrx_word' id='word_1_105' title='bbox 169 1762 343 1844; x_wconf 85' lang='lat' dir='ltr'><strong>superioris</strong></span> <span class='ocrx_word' id='word_1_106' title='bbox 365 1763 461 1829; x_wconf 84' lang='lat' dir='ltr'><strong>obem</strong></span> <span class='ocrx_word' id='word_1_107' title='bbox 484 1762 683 1826; x_wconf 81' lang='lat' dir='ltr'><strong>substituere</strong></span> 
     </span>
    </p>

    <p class='ocr_par' dir='ltr' id='par_1_6' title="bbox 167 1867 1539 2063">
     <span class='ocr_line' id='line_1_14' title="bbox 258 1867 1539 1956; baseline 0.005 -24"><span class='ocrx_word' id='word_1_108' title='bbox 258 1869 290 1934; x_wconf 84' lang='lat'><strong>7.</strong></span> <span class='ocrx_word' id='word_1_109' title='bbox 313 1867 468 1934; x_wconf 87' lang='lat' dir='ltr'><strong>intortio</strong></span> <span class='ocrx_word' id='word_1_110' title='bbox 492 1885 566 1933; x_wconf 83' lang='lat' dir='ltr'><strong>vero</strong></span> <span class='ocrx_word' id='word_1_111' title='bbox 589 1884 662 1932; x_wconf 88' lang='lat' dir='ltr'><strong>casu</strong></span> <span class='ocrx_word' id='word_1_112' title='bbox 693 1868 801 1933; x_wconf 89' lang='lat' dir='ltr'><strong>eadem</strong></span> <span class='ocrx_word' id='word_1_113' title='bbox 833 1867 929 1934; x_wconf 82' lang='lat' dir='ltr'><strong>Gtooo.</strong></span> <span class='ocrx_word' id='word_1_114' title='bbox 951 1870 1111 1937; x_wconf 85' lang='lat' dir='ltr'><strong>concludit</strong></span> <span class='ocrx_word' id='word_1_115' title='bbox 1140 1874 1224 1954; x_wconf 84' lang='lat' dir='ltr'><strong>quod</strong></span> <span class='ocrx_word' id='word_1_116' title='bbox 1247 1875 1345 1956; x_wconf 91' lang='lat' dir='ltr'><strong>possit</strong></span> <span class='ocrx_word' id='word_1_117' title='bbox 1366 1880 1456 1955; x_wconf 89' lang='lat' dir='ltr'><strong>parte</strong></span> <span class='ocrx_word' id='word_1_118' title='bbox 1479 1893 1539 1938; x_wconf 91' lang='lat' dir='ltr'><strong>non</strong></span> 
     </span>
     <span class='ocr_line' id='line_1_15' title="bbox 167 1985 359 2063; baseline 0.01 -20"><span class='ocrx_word' id='word_1_119' title='bbox 167 1985 359 2063; x_wconf 79' lang='lat' dir='ltr'><strong>opponente</strong></span> 
     </span>
    </p>

    <p class='ocr_par' dir='ltr' id='par_1_7' title="bbox 160 2084 1543 3249">
     <span class='ocr_line' id='line_1_16' title="bbox 260 2084 1539 2170; baseline -0.002 -19"><span class='ocrx_word' id='word_1_120' title='bbox 260 2087 291 2152; x_wconf 89' lang='lat'><strong>8.</strong></span> <span class='ocrx_word' id='word_1_121' title='bbox 313 2090 356 2154; x_wconf 83' lang='lat' dir='ltr'><strong>nt</strong></span> <span class='ocrx_word' id='word_1_122' title='bbox 376 2087 451 2151; x_wconf 89' lang='lat' dir='ltr'><strong>licet</strong></span> <span class='ocrx_word' id='word_1_123' title='bbox 472 2084 564 2150; x_wconf 88' lang='lat' dir='ltr'><strong>Bort.</strong></span> <span class='ocrx_word' id='word_1_124' title='bbox 586 2087 621 2149; x_wconf 84' lang='lat' dir='ltr'><strong>t&#39;o</strong></span> <span class='ocrx_word' id='word_1_125' title='bbox 643 2085 678 2149; x_wconf 74' lang='lat' dir='ltr'><strong><em>L</em></strong></span> <span class='ocrx_word' id='word_1_126' title='bbox 700 2086 783 2167; x_wconf 81' lang='lat' dir='ltr'><strong>qood</strong></span> <span class='ocrx_word' id='word_1_127' title='bbox 804 2088 876 2167; x_wconf 80' lang='lat' dir='ltr'><strong>pois</strong></span> <span class='ocrx_word' id='word_1_128' title='bbox 898 2089 935 2150; x_wconf 82' lang='lat' dir='ltr'><strong>in</strong></span> <span class='ocrx_word' id='word_1_129' title='bbox 957 2086 1002 2150; x_wconf 69' lang='lat'><strong>2³</strong></span> <span class='ocrx_word' id='word_1_130' title='bbox 1025 2088 1146 2152; x_wconf 84' lang='lat' dir='ltr'><strong>lecturo</strong></span> <span class='ocrx_word' id='word_1_131' title='bbox 1169 2105 1245 2152; x_wconf 85' lang='lat' dir='ltr'><strong>cers.</strong></span> <span class='ocrx_word' id='word_1_132' title='bbox 1259 2106 1379 2170; x_wconf 82' lang='lat' dir='ltr'><strong>ponere</strong></span> <span class='ocrx_word' id='word_1_133' title='bbox 1402 2106 1455 2170; x_wconf 76' lang='lat' dir='ltr'><strong>opo</strong></span> <span class='ocrx_word' id='word_1_134' title='bbox 1477 2088 1539 2150; x_wconf 90' lang='lat' dir='ltr'><strong>cod.</strong></span> 
     </span>
     <span class='ocr_line' id='line_1_17' title="bbox 162 2192 1543 2289; baseline -0.001 -30"><span class='ocrx_word' id='word_1_135' title='bbox 162 2198 203 2259; x_wconf 79' lang='lat' dir='ltr'><strong>ote</strong></span> <span class='ocrx_word' id='word_1_136' title='bbox 226 2204 390 2277; x_wconf 81' lang='lat' dir='ltr'><strong>proceret.</strong></span> <span class='ocrx_word' id='word_1_137' title='bbox 411 2210 506 2274; x_wconf 87' lang='lat' dir='ltr'><strong>quem</strong></span> <span class='ocrx_word' id='word_1_138' title='bbox 534 2194 678 2273; x_wconf 81' lang='lat' dir='ltr'><strong>sequitur</strong></span> <span class='ocrx_word' id='word_1_139' title='bbox 702 2192 860 2257; x_wconf 84' lang='lat' dir='ltr'><strong>Morcobr.</strong></span> <span class='ocrx_word' id='word_1_140' title='bbox 874 2195 903 2259; x_wconf 84' lang='lat' dir='ltr'><strong>d</strong></span> <span class='ocrx_word' id='word_1_141' title='bbox 918 2212 1002 2259; x_wconf 85' lang='lat' dir='ltr'><strong>cons.</strong></span> <span class='ocrx_word' id='word_1_142' title='bbox 1024 2194 1068 2258; x_wconf 82' lang='lat' dir='ltr'><strong>eo</strong></span> <span class='ocrx_word' id='word_1_143' title='bbox 1082 2215 1114 2259; x_wconf 84' lang='lat' dir='ltr'><strong>n.</strong></span> <span class='ocrx_word' id='word_1_144' title='bbox 1139 2194 1200 2260; x_wconf 82' lang='lat'><strong>137</strong></span> <span class='ocrx_word' id='word_1_145' title='bbox 1223 2199 1337 2262; x_wconf 87' lang='lat' dir='ltr'><strong>sentiat</strong></span> <span class='ocrx_word' id='word_1_146' title='bbox 1357 2196 1543 2289; x_wconf 85' lang='lat' dir='ltr'><strong>simpliciter</strong></span> 
     </span>
     <span class='ocr_line' id='line_1_18' title="bbox 160 2300 1539 2384; baseline 0.001 -17"><span class='ocrx_word' id='word_1_147' title='bbox 160 2307 198 2367; x_wconf 91' lang='lat' dir='ltr'><strong>et</strong></span> <span class='ocrx_word' id='word_1_148' title='bbox 222 2302 402 2368; x_wconf 85' lang='lat' dir='ltr'><strong>indistincte</strong></span> <span class='ocrx_word' id='word_1_149' title='bbox 425 2301 509 2381; x_wconf 82' lang='lat' dir='ltr'><strong>quod</strong></span> <span class='ocrx_word' id='word_1_150' title='bbox 531 2305 720 2383; x_wconf 82' lang='lat' dir='ltr'><strong>procurator</strong></span> <span class='ocrx_word' id='word_1_151' title='bbox 741 2300 884 2366; x_wconf 89' lang='lat' dir='ltr'><strong>inhabilis</strong></span> <span class='ocrx_word' id='word_1_152' title='bbox 906 2303 1004 2384; x_wconf 83' lang='lat' dir='ltr'><strong>pessit</strong></span> <span class='ocrx_word' id='word_1_153' title='bbox 1026 2303 1158 2368; x_wconf 87' lang='lat' dir='ltr'><strong>habilem</strong></span> <span class='ocrx_word' id='word_1_154' title='bbox 1181 2307 1386 2383; x_wconf 89' lang='lat' dir='ltr'><strong>substituere,</strong></span> <span class='ocrx_word' id='word_1_155' title='bbox 1408 2304 1467 2369; x_wconf 91' lang='lat' dir='ltr'><strong>boc</strong></span> <span class='ocrx_word' id='word_1_156' title='bbox 1491 2310 1539 2369; x_wconf 91' lang='lat' dir='ltr'><strong>ta-</strong></span> 
     </span>
     <span class='ocr_line' id='line_1_19' title="bbox 166 2406 1540 2491; baseline 0.001 -20"><span class='ocrx_word' id='word_1_157' title='bbox 166 2424 242 2471; x_wconf 88' lang='lat' dir='ltr'><strong>men</strong></span> <span class='ocrx_word' id='word_1_158' title='bbox 267 2406 396 2471; x_wconf 87' lang='lat' dir='ltr'><strong>Bortoti</strong></span> <span class='ocrx_word' id='word_1_159' title='bbox 417 2407 538 2472; x_wconf 70' lang='lat' dir='ltr'><strong>dutum</strong></span> <span class='ocrx_word' id='word_1_160' title='bbox 560 2407 653 2472; x_wconf 93' lang='lat' dir='ltr'><strong>debet</strong></span> <span class='ocrx_word' id='word_1_161' title='bbox 676 2407 809 2491; x_wconf 77' lang='lat' dir='ltr'><strong>intelligi</strong></span> <span class='ocrx_word' id='word_1_162' title='bbox 837 2409 928 2491; x_wconf 82' lang='lat' dir='ltr'><strong>juxta</strong></span> <span class='ocrx_word' id='word_1_163' title='bbox 960 2411 1192 2475; x_wconf 82' lang='lat' dir='ltr'><strong>distinctionem</strong></span> <span class='ocrx_word' id='word_1_164' title='bbox 1215 2412 1310 2478; x_wconf 82' lang='lat' dir='ltr'><strong>Gtosr.</strong></span> <span class='ocrx_word' id='word_1_165' title='bbox 1332 2417 1368 2478; x_wconf 86' lang='lat' dir='ltr'><strong>tn</strong></span> <span class='ocrx_word' id='word_1_166' title='bbox 1390 2416 1418 2477; x_wconf 89' lang='lat' dir='ltr'><strong>d.</strong></span> <span class='ocrx_word' id='word_1_167' title='bbox 1446 2413 1540 2479; x_wconf 75' lang='lat' dir='ltr'><strong>ctae.</strong></span> 
     </span>
     <span class='ocr_line' id='line_1_20' title="bbox 166 2515 1539 2602; baseline -0.001 -22"><span class='ocrx_word' id='word_1_168' title='bbox 166 2517 354 2598; x_wconf 68' lang='lat' dir='ltr'><strong>relictores,</strong></span> <span class='ocrx_word' id='word_1_169' title='bbox 378 2516 452 2580; x_wconf 88' lang='lat' dir='ltr'><strong>alias</strong></span> <span class='ocrx_word' id='word_1_170' title='bbox 477 2521 558 2581; x_wconf 88' lang='lat' dir='ltr'><strong>esset</strong></span> <span class='ocrx_word' id='word_1_171' title='bbox 578 2516 637 2580; x_wconf 91' lang='lat' dir='ltr'><strong>sibi</strong></span> <span class='ocrx_word' id='word_1_172' title='bbox 660 2516 854 2596; x_wconf 85' lang='lat' dir='ltr'><strong>contrarius,</strong></span> <span class='ocrx_word' id='word_1_173' title='bbox 877 2515 1214 2602; x_wconf 58' lang='lat' dir='ltr'><strong>scototopicos</strong></span> <span class='ocrx_word' id='word_1_174' title='bbox 1236 2522 1434 2601; x_wconf 78' lang='lat' dir='ltr'><strong>acquirimus</strong></span> <span class='ocrx_word' id='word_1_175' title='bbox 1455 2519 1486 2599; x_wconf 77' lang='grc' dir='ltr'><strong>ῙῙ</strong></span> <span class='ocrx_word' id='word_1_176' title='bbox 1502 2519 1539 2580; x_wconf 83' lang='lat' dir='ltr'><strong>rte</strong></span> 
     </span>
     <span class='ocr_line' id='line_1_21' title="bbox 164 2604 1540 2708; baseline 0.003 -23"><span class='ocrx_word' id='word_1_177' title='bbox 164 2613 439 2707; x_wconf 47' lang='lat' dir='ltr'><strong>ocpolrc&#39;ppooseos.</strong></span> <span class='ocrx_word' id='word_1_178' title='bbox 461 2641 493 2685; x_wconf 86' lang='lat' dir='ltr'><strong>n.</strong></span> <span class='ocrx_word' id='word_1_179' title='bbox 518 2621 560 2684; x_wconf 85' lang='lat'><strong>10</strong></span> <span class='ocrx_word' id='word_1_180' title='bbox 582 2627 718 2688; x_wconf 83' lang='lat' dir='ltr'><strong>tremeat</strong></span> <span class='ocrx_word' id='word_1_181' title='bbox 739 2641 813 2688; x_wconf 87' lang='lat' dir='ltr'><strong>cum</strong></span> <span class='ocrx_word' id='word_1_182' title='bbox 837 2623 895 2687; x_wconf 85' lang='lat' dir='ltr'><strong>bac</strong></span> <span class='ocrx_word' id='word_1_183' title='bbox 919 2604 1239 2691; x_wconf 72' lang='lat' dir='ltr'><strong>Gloss&#39;distinctione</strong></span> <span class='ocrx_word' id='word_1_184' title='bbox 1253 2644 1348 2707; x_wconf 88' lang='lat' dir='ltr'><strong>quam</strong></span> <span class='ocrx_word' id='word_1_185' title='bbox 1364 2632 1540 2708; x_wconf 56' lang='lat' dir='ltr'><strong>Quantur</strong></span> 
     </span>
     <span class='ocr_line' id='line_1_22' title="bbox 163 2727 1539 2816; baseline -0.003 -19"><span class='ocrx_word' id='word_1_186' title='bbox 163 2733 263 2797; x_wconf 89' lang='lat' dir='ltr'><strong>etiarn</strong></span> <span class='ocrx_word' id='word_1_187' title='bbox 287 2731 318 2794; x_wconf 91' lang='lat' dir='ltr'><strong>in</strong></span> <span class='ocrx_word' id='word_1_188' title='bbox 340 2731 369 2794; x_wconf 77' lang='lat' dir='ltr'><strong>d</strong></span> <span class='ocrx_word' id='word_1_189' title='bbox 390 2727 414 2816; x_wconf 64' lang='lat' dir='ltr'>S</span> <span class='ocrx_word' id='word_1_190' title='bbox 436 2732 510 2795; x_wconf 83' lang='lat' dir='ltr'><strong>itero</strong></span> <span class='ocrx_word' id='word_1_191' title='bbox 531 2733 747 2812; x_wconf 68' lang='lat' dir='ltr'><strong>erpoinrnos,</strong></span> <span class='ocrx_word' id='word_1_192' title='bbox 769 2731 876 2812; x_wconf 74' lang='lat' dir='ltr'><strong>depol.</strong></span> <span class='ocrx_word' id='word_1_193' title='bbox 898 2734 934 2795; x_wconf 85' lang='lat' dir='ltr'><strong>ln</strong></span> <span class='ocrx_word' id='word_1_194' title='bbox 957 2742 1226 2809; x_wconf 75' lang='lat' dir='ltr'><strong>ccreoscereos,</strong></span> <span class='ocrx_word' id='word_1_195' title='bbox 1251 2733 1340 2797; x_wconf 75' lang='lat' dir='ltr'><strong>Alce.</strong></span> <span class='ocrx_word' id='word_1_196' title='bbox 1363 2752 1395 2796; x_wconf 83' lang='lat' dir='ltr'><strong>n.</strong></span> <span class='ocrx_word' id='word_1_197' title='bbox 1416 2728 1449 2809; x_wconf 88' lang='grc'>1,</span> <span class='ocrx_word' id='word_1_198' title='bbox 1473 2731 1539 2796; x_wconf 86' lang='lat' dir='ltr'><strong>Sor.</strong></span> 
     </span>
     <span class='ocr_line' id='line_1_23' title="bbox 169 2835 1540 2919; baseline -0.008 -9"><span class='ocrx_word' id='word_1_199' title='bbox 169 2843 245 2910; x_wconf 86' lang='lat' dir='ltr'><strong>Seu.</strong></span> <span class='ocrx_word' id='word_1_200' title='bbox 267 2862 299 2910; x_wconf 84' lang='lat' dir='ltr'><strong>n.</strong></span> <span class='ocrx_word' id='word_1_201' title='bbox 319 2836 352 2919; x_wconf 84' lang='grc'>1,</span> <span class='ocrx_word' id='word_1_202' title='bbox 374 2838 440 2906; x_wconf 85' lang='lat' dir='ltr'><strong>Jos.</strong></span> <span class='ocrx_word' id='word_1_203' title='bbox 463 2859 495 2905; x_wconf 83' lang='lat' dir='ltr'><strong>rr.</strong></span> <span class='ocrx_word' id='word_1_204' title='bbox 516 2835 572 2915; x_wconf 85' lang='grc'>18,</span> <span class='ocrx_word' id='word_1_205' title='bbox 598 2836 708 2905; x_wconf 83' lang='lat' dir='ltr'><strong>Coroc.</strong></span> <span class='ocrx_word' id='word_1_206' title='bbox 731 2839 767 2902; x_wconf 77' lang='lat' dir='ltr'><strong>s&#39;o</strong></span> <span class='ocrx_word' id='word_1_207' title='bbox 789 2848 880 2904; x_wconf 88' lang='lat' dir='ltr'><strong>troct.</strong></span> <span class='ocrx_word' id='word_1_208' title='bbox 902 2840 940 2903; x_wconf 87' lang='lat' dir='ltr'><strong>do</strong></span> <span class='ocrx_word' id='word_1_209' title='bbox 960 2841 1050 2905; x_wconf 86' lang='lat' dir='ltr'><strong>locat.</strong></span> <span class='ocrx_word' id='word_1_210' title='bbox 1072 2851 1099 2906; x_wconf 81' lang='lat' dir='ltr'><strong>ct</strong></span> <span class='ocrx_word' id='word_1_211' title='bbox 1122 2842 1264 2906; x_wconf 79' lang='lat' dir='ltr'><strong>condect.</strong></span> <span class='ocrx_word' id='word_1_212' title='bbox 1287 2843 1323 2905; x_wconf 81' lang='lat' dir='ltr'><strong>o&#39;o</strong></span> <span class='ocrx_word' id='word_1_213' title='bbox 1345 2842 1390 2905; x_wconf 81' lang='lat' dir='ltr'><strong>tit.</strong></span> <span class='ocrx_word' id='word_1_214' title='bbox 1411 2840 1447 2902; x_wconf 90' lang='lat' dir='ltr'><strong>de</strong></span> <span class='ocrx_word' id='word_1_215' title='bbox 1463 2837 1540 2918; x_wconf 83' lang='lat' dir='ltr'><strong>jore</strong></span> 
     </span>
     <span class='ocr_line' id='line_1_24' title="bbox 167 2943 1539 3033; baseline -0.009 -16"><span class='ocrx_word' id='word_1_216' title='bbox 167 2953 330 3017; x_wconf 68' lang='lat' dir='ltr'><strong>molens</strong></span> <span class='ocrx_word' id='word_1_217' title='bbox 360 2959 476 3033; x_wconf 56' lang='lat' dir='ltr'><strong>maest.</strong></span> <span class='ocrx_word' id='word_1_218' title='bbox 505 2945 549 3011; x_wconf 80' lang='lat'><strong>33</strong></span> <span class='ocrx_word' id='word_1_219' title='bbox 579 2967 611 3012; x_wconf 86' lang='lat' dir='ltr'><strong>n.</strong></span> <span class='ocrx_word' id='word_1_220' title='bbox 640 2943 684 3011; x_wconf 81' lang='grc'>10</span> <span class='ocrx_word' id='word_1_221' title='bbox 715 2957 741 3011; x_wconf 90' lang='lat' dir='ltr'><strong>ot</strong></span> <span class='ocrx_word' id='word_1_222' title='bbox 771 2965 849 3030; x_wconf 78' lang='lat' dir='ltr'><strong>cop,</strong></span> <span class='ocrx_word' id='word_1_223' title='bbox 872 2953 907 3012; x_wconf 91' lang='lat' dir='ltr'><strong>et</strong></span> <span class='ocrx_word' id='word_1_224' title='bbox 929 2948 980 3012; x_wconf 89' lang='lat' dir='ltr'><strong>alii</strong></span> <span class='ocrx_word' id='word_1_225' title='bbox 1005 2949 1099 3013; x_wconf 89' lang='lat' dir='ltr'><strong>multi</strong></span> <span class='ocrx_word' id='word_1_226' title='bbox 1122 2967 1201 3030; x_wconf 88' lang='lat' dir='ltr'><strong>quos</strong></span> <span class='ocrx_word' id='word_1_227' title='bbox 1222 2949 1365 3032; x_wconf 77' lang='lat' dir='ltr'><strong>congerit</strong></span> <span class='ocrx_word' id='word_1_228' title='bbox 1392 2944 1539 3010; x_wconf 82' lang='lat' dir='ltr'><strong>Mostriil.</strong></span> 
     </span>
     <span class='ocr_line' id='line_1_25' title="bbox 165 3052 1539 3139; baseline -0.006 -17"><span class='ocrx_word' id='word_1_229' title='bbox 165 3061 260 3123; x_wconf 66' lang='lat' dir='ltr'><strong>deno.</strong></span> <span class='ocrx_word' id='word_1_230' title='bbox 282 3056 347 3123; x_wconf 83' lang='grc'>261</span> <span class='ocrx_word' id='word_1_231' title='bbox 368 3077 400 3122; x_wconf 86' lang='lat' dir='ltr'><strong>n.</strong></span> <span class='ocrx_word' id='word_1_232' title='bbox 424 3056 484 3132; x_wconf 86' lang='lat'><strong>10,</strong></span> <span class='ocrx_word' id='word_1_233' title='bbox 508 3056 564 3139; x_wconf 88' lang='lat' dir='ltr'><strong>qui</strong></span> <span class='ocrx_word' id='word_1_234' title='bbox 587 3054 673 3120; x_wconf 90' lang='lat' dir='ltr'><strong>buno</strong></span> <span class='ocrx_word' id='word_1_235' title='bbox 702 3056 873 3119; x_wconf 87' lang='lat' dir='ltr'><strong>articulum</strong></span> <span class='ocrx_word' id='word_1_236' title='bbox 897 3056 986 3139; x_wconf 89' lang='lat' dir='ltr'><strong>plene</strong></span> <span class='ocrx_word' id='word_1_237' title='bbox 1007 3058 1167 3136; x_wconf 87' lang='lat' dir='ltr'><strong>enucleat,</strong></span> <span class='ocrx_word' id='word_1_238' title='bbox 1189 3054 1411 3122; x_wconf 86' lang='lat' dir='ltr'><strong>considerando</strong></span> <span class='ocrx_word' id='word_1_239' title='bbox 1432 3052 1539 3134; x_wconf 89' lang='lat' dir='ltr'><strong>plures</strong></span> 
     </span>
     <span class='ocr_line' id='line_1_26' title="bbox 165 3163 1250 3249; baseline -0.006 -15"><span class='ocrx_word' id='word_1_240' title='bbox 165 3187 259 3234; x_wconf 87' lang='lat' dir='ltr'><strong>cesus</strong></span> <span class='ocrx_word' id='word_1_241' title='bbox 281 3186 360 3249; x_wconf 87' lang='lat' dir='ltr'><strong>quos</strong></span> <span class='ocrx_word' id='word_1_242' title='bbox 385 3166 548 3231; x_wconf 91' lang='lat' dir='ltr'><strong>consultus</strong></span> <span class='ocrx_word' id='word_1_243' title='bbox 569 3164 684 3229; x_wconf 90' lang='lat' dir='ltr'><strong>omitto</strong></span> <span class='ocrx_word' id='word_1_244' title='bbox 706 3181 781 3228; x_wconf 89' lang='lat' dir='ltr'><strong>cum</strong></span> <span class='ocrx_word' id='word_1_245' title='bbox 802 3163 886 3246; x_wconf 89' lang='lat' dir='ltr'><strong>apud</strong></span> <span class='ocrx_word' id='word_1_246' title='bbox 907 3181 982 3229; x_wconf 90' lang='lat' dir='ltr'><strong>eum</strong></span> <span class='ocrx_word' id='word_1_247' title='bbox 1006 3163 1104 3229; x_wconf 87' lang='lat' dir='ltr'><strong>videri</strong></span> <span class='ocrx_word' id='word_1_248' title='bbox 1125 3164 1250 3247; x_wconf 85' lang='lat' dir='ltr'><strong>possint</strong></span> 
     </span>
    </p>

    <p class='ocr_par' dir='ltr' id='par_1_8' title="bbox 164 3268 1535 3665">
     <span class='ocr_line' id='line_1_27' title="bbox 256 3268 1533 3357; baseline -0.009 -18"><span class='ocrx_word' id='word_1_249' title='bbox 256 3274 287 3339; x_wconf 84' lang='lat'><strong>9.</strong></span> <span class='ocrx_word' id='word_1_250' title='bbox 308 3275 399 3339; x_wconf 85' lang='lat' dir='ltr'><strong>llolui</strong></span> <span class='ocrx_word' id='word_1_251' title='bbox 423 3280 528 3339; x_wconf 71' lang='lat' dir='ltr'><strong>mesen</strong></span> <span class='ocrx_word' id='word_1_252' title='bbox 550 3272 806 3355; x_wconf 72' lang='lat' dir='ltr'><strong>praetermittere</strong></span> <span class='ocrx_word' id='word_1_253' title='bbox 836 3272 923 3352; x_wconf 82' lang='lat' dir='ltr'><strong>quod</strong></span> <span class='ocrx_word' id='word_1_254' title='bbox 946 3291 1006 3357; x_wconf 79' lang='lat' dir='ltr'><strong>ego</strong></span> <span class='ocrx_word' id='word_1_255' title='bbox 1028 3275 1059 3337; x_wconf 91' lang='lat' dir='ltr'><strong>in</strong></span> <span class='ocrx_word' id='word_1_256' title='bbox 1082 3273 1293 3356; x_wconf 78' lang='lat' dir='ltr'><strong>contingentia</strong></span> <span class='ocrx_word' id='word_1_257' title='bbox 1316 3271 1389 3335; x_wconf 85' lang='lat' dir='ltr'><strong>iacti</strong></span> <span class='ocrx_word' id='word_1_258' title='bbox 1411 3268 1533 3333; x_wconf 92' lang='lat' dir='ltr'><strong>obtinui</strong></span> 
     </span>
     <span class='ocr_line' id='line_1_28' title="bbox 164 3381 1535 3469; baseline -0.006 -20"><span class='ocrx_word' id='word_1_259' title='bbox 164 3401 346 3469; x_wconf 75' lang='lat' dir='ltr'><strong>promssum</strong></span> <span class='ocrx_word' id='word_1_260' title='bbox 368 3382 486 3447; x_wconf 89' lang='lat' dir='ltr'><strong>lectum</strong></span> <span class='ocrx_word' id='word_1_261' title='bbox 509 3399 583 3446; x_wconf 89' lang='lat' dir='ltr'><strong>oum</strong></span> <span class='ocrx_word' id='word_1_262' title='bbox 605 3386 812 3464; x_wconf 85' lang='lat' dir='ltr'><strong>procuratore</strong></span> <span class='ocrx_word' id='word_1_263' title='bbox 834 3382 1008 3448; x_wconf 89' lang='lat' dir='ltr'><strong>substituto</strong></span> <span class='ocrx_word' id='word_1_264' title='bbox 1030 3402 1047 3447; x_wconf 88' lang='lat' dir='ltr'><strong>a</strong></span> <span class='ocrx_word' id='word_1_265' title='bbox 1071 3383 1203 3447; x_wconf 89' lang='lat' dir='ltr'><strong>muliere</strong></span> <span class='ocrx_word' id='word_1_266' title='bbox 1226 3381 1440 3464; x_wconf 79' lang='lat' dir='ltr'><strong>procuratrice</strong></span> <span class='ocrx_word' id='word_1_267' title='bbox 1461 3396 1535 3442; x_wconf 83' lang='lat' dir='ltr'><strong>con·</strong></span> 
     </span>
     <span class='ocr_line' id='line_1_29' title="bbox 164 3485 1533 3570; baseline -0.01 -9"><span class='ocrx_word' id='word_1_268' title='bbox 164 3496 277 3561; x_wconf 88' lang='lat' dir='ltr'><strong>stituta</strong></span> <span class='ocrx_word' id='word_1_269' title='bbox 308 3510 382 3557; x_wconf 90' lang='lat' dir='ltr'><strong>cnm</strong></span> <span class='ocrx_word' id='word_1_270' title='bbox 412 3491 561 3556; x_wconf 80' lang='lat' dir='ltr'><strong>facultate</strong></span> <span class='ocrx_word' id='word_1_271' title='bbox 591 3489 819 3568; x_wconf 88' lang='lat' dir='ltr'><strong>substituendi,</strong></span> <span class='ocrx_word' id='word_1_272' title='bbox 839 3495 874 3555; x_wconf 91' lang='lat' dir='ltr'><strong>et</strong></span> <span class='ocrx_word' id='word_1_273' title='bbox 894 3490 1079 3556; x_wconf 71' lang='lat' dir='ltr'><strong>oenoendam</strong></span> <span class='ocrx_word' id='word_1_274' title='bbox 1103 3490 1176 3555; x_wconf 91' lang='lat' dir='ltr'><strong>inde</strong></span> <span class='ocrx_word' id='word_1_275' title='bbox 1206 3494 1370 3570; x_wconf 64' lang='lat' dir='ltr'><strong>monum</strong></span> <span class='ocrx_word' id='word_1_276' title='bbox 1404 3485 1533 3550; x_wconf 70' lang='lat' dir='ltr'><strong>validm</strong></span> 
     </span>
     <span class='ocr_line' id='line_1_30' title="bbox 164 3596 930 3665; baseline -0.004 0"><span class='ocrx_word' id='word_1_277' title='bbox 164 3599 316 3665; x_wconf 86' lang='lat' dir='ltr'><strong>declarari</strong></span> <span class='ocrx_word' id='word_1_278' title='bbox 337 3604 371 3664; x_wconf 90' lang='lat' dir='ltr'><strong>et</strong></span> <span class='ocrx_word' id='word_1_279' title='bbox 392 3597 516 3662; x_wconf 79' lang='lat' dir='ltr'><strong>debitae</strong></span> <span class='ocrx_word' id='word_1_280' title='bbox 537 3598 718 3662; x_wconf 86' lang='lat' dir='ltr'><strong>executioni</strong></span> <span class='ocrx_word' id='word_1_281' title='bbox 741 3596 930 3662; x_wconf 87' lang='lat' dir='ltr'><strong>demandari.</strong></span> 
     </span>
    </p>

    <p class='ocr_par' dir='ltr' id='par_1_9' title="bbox 163 3702 1590 4110">
     <span class='ocr_line' id='line_1_31' title="bbox 257 3702 1533 3790; baseline -0.004 -21"><span class='ocrx_word' id='word_1_282' title='bbox 257 3704 306 3770; x_wconf 88' lang='lat'><strong>10.</strong></span> <span class='ocrx_word' id='word_1_283' title='bbox 328 3706 471 3772; x_wconf 89' lang='lat' dir='ltr'><strong>Secundo</strong></span> <span class='ocrx_word' id='word_1_284' title='bbox 493 3707 525 3769; x_wconf 91' lang='lat' dir='ltr'><strong>in</strong></span> <span class='ocrx_word' id='word_1_285' title='bbox 547 3705 679 3771; x_wconf 87' lang='lat' dir='ltr'><strong>dubium</strong></span> <span class='ocrx_word' id='word_1_286' title='bbox 703 3711 869 3771; x_wconf 83' lang='lat' dir='ltr'><strong>revocatur</strong></span> <span class='ocrx_word' id='word_1_287' title='bbox 889 3726 929 3771; x_wconf 85' lang='lat' dir='ltr'><strong>an</strong></span> <span class='ocrx_word' id='word_1_288' title='bbox 951 3709 977 3771; x_wconf 90' lang='lat' dir='ltr'><strong>si</strong></span> <span class='ocrx_word' id='word_1_289' title='bbox 1001 3712 1186 3790; x_wconf 72' lang='lat' dir='ltr'><strong>procurator</strong></span> <span class='ocrx_word' id='word_1_290' title='bbox 1217 3724 1277 3770; x_wconf 92' lang='lat' dir='ltr'><strong>non</strong></span> <span class='ocrx_word' id='word_1_291' title='bbox 1300 3705 1415 3770; x_wconf 87' lang='lat' dir='ltr'><strong>habens</strong></span> <span class='ocrx_word' id='word_1_292' title='bbox 1435 3702 1533 3768; x_wconf 86' lang='lat' dir='ltr'><strong>iacul-</strong></span> 
     </span>
     <span class='ocr_line' id='line_1_32' title="bbox 163 3809 1590 3896; baseline -0.006 -17"><span class='ocrx_word' id='word_1_293' title='bbox 163 3819 263 3879; x_wconf 90' lang='lat' dir='ltr'><strong>tetem</strong></span> <span class='ocrx_word' id='word_1_294' title='bbox 286 3813 511 3892; x_wconf 87' lang='lat' dir='ltr'><strong>substituendi,</strong></span> <span class='ocrx_word' id='word_1_295' title='bbox 532 3813 572 3878; x_wconf 91' lang='lat' dir='ltr'><strong>de</strong></span> <span class='ocrx_word' id='word_1_296' title='bbox 593 3814 769 3879; x_wconf 72' lang='lat' dir='ltr'><strong>momente</strong></span> <span class='ocrx_word' id='word_1_297' title='bbox 792 3815 856 3879; x_wconf 90' lang='lat' dir='ltr'><strong>litis</strong></span> <span class='ocrx_word' id='word_1_298' title='bbox 885 3816 1141 3880; x_wconf 77' lang='lat' dir='ltr'><strong>contestationem</strong></span> <span class='ocrx_word' id='word_1_299' title='bbox 1164 3815 1335 3880; x_wconf 89' lang='lat' dir='ltr'><strong>substituat</strong></span> <span class='ocrx_word' id='word_1_300' title='bbox 1357 3811 1461 3896; x_wconf 83' lang='lat' dir='ltr'><strong>(quod</strong></span> <span class='ocrx_word' id='word_1_301' title='bbox 1490 3809 1532 3872; x_wconf 91' lang='lat' dir='ltr'><strong>illi</strong></span> <span class='ocrx_word' id='word_1_302' title='bbox 1586 3821 1590 3831; x_wconf 92' lang='lat'><em>·</em></span> 
     </span>
     <span class='ocr_line' id='line_1_33' title="bbox 164 3919 1531 4005; baseline -0.001 -22"><span class='ocrx_word' id='word_1_303' title='bbox 164 3939 225 3984; x_wconf 88' lang='lat' dir='ltr'><strong>non</strong></span> <span class='ocrx_word' id='word_1_304' title='bbox 247 3920 342 3985; x_wconf 91' lang='lat' dir='ltr'><strong>licere</strong></span> <span class='ocrx_word' id='word_1_305' title='bbox 362 3921 503 3986; x_wconf 83' lang='lat' dir='ltr'><strong>diximus</strong></span> <span class='ocrx_word' id='word_1_306' title='bbox 524 3938 619 4003; x_wconf 89' lang='lat' dir='ltr'><strong>supra</strong></span> <span class='ocrx_word' id='word_1_307' title='bbox 641 3938 710 4001; x_wconf 84' lang='lat' dir='ltr'><strong>cop.</strong></span> <span class='ocrx_word' id='word_1_308' title='bbox 732 3919 843 3986; x_wconf 89' lang='lat' dir='ltr'><strong>abbiue</strong></span> <span class='ocrx_word' id='word_1_309' title='bbox 857 3921 1010 4005; x_wconf 62' lang='lat' dir='ltr'><strong>exuam)</strong></span> <span class='ocrx_word' id='word_1_310' title='bbox 1035 3939 1195 4005; x_wconf 84' lang='lat' dir='ltr'><strong>processus</strong></span> <span class='ocrx_word' id='word_1_311' title='bbox 1217 3941 1290 3987; x_wconf 87' lang='lat' dir='ltr'><strong>cam</strong></span> <span class='ocrx_word' id='word_1_312' title='bbox 1313 3921 1397 3986; x_wconf 90' lang='lat' dir='ltr'><strong>dioto</strong></span> <span class='ocrx_word' id='word_1_313' title='bbox 1418 3920 1531 3984; x_wconf 84' lang='lat' dir='ltr'><strong>substi-</strong></span> 
     </span>
     <span class='ocr_line' id='line_1_34' title="bbox 163 4027 1034 4110; baseline 0.006 -20"><span class='ocrx_word' id='word_1_314' title='bbox 163 4031 235 4092; x_wconf 90' lang='lat' dir='ltr'><strong>tuto</strong></span> <span class='ocrx_word' id='word_1_315' title='bbox 258 4027 430 4094; x_wconf 79' lang='lat' dir='ltr'><strong>fabricatus</strong></span> <span class='ocrx_word' id='word_1_316' title='bbox 448 4034 482 4095; x_wconf 94' lang='lat' dir='ltr'><strong>et</strong></span> <span class='ocrx_word' id='word_1_317' title='bbox 502 4028 655 4094; x_wconf 76' lang='lat' dir='ltr'><strong>sentemia</strong></span> <span class='ocrx_word' id='word_1_318' title='bbox 677 4027 749 4092; x_wconf 89' lang='lat' dir='ltr'><strong>inde</strong></span> <span class='ocrx_word' id='word_1_319' title='bbox 769 4034 902 4110; x_wconf 70' lang='lat' dir='ltr'><strong>sequma</strong></span> <span class='ocrx_word' id='word_1_320' title='bbox 926 4031 1034 4097; x_wconf 85' lang='lat' dir='ltr'><strong>valeat</strong></span> 
     </span>
    </p>

    <p class='ocr_par' dir='ltr' id='par_1_10' title="bbox 160 4133 1530 4547">
     <span class='ocr_line' id='line_1_35' title="bbox 251 4133 1530 4222; baseline -0.002 -23"><span class='ocrx_word' id='word_1_321' title='bbox 251 4133 370 4215; x_wconf 84' lang='lat' dir='ltr'><strong>Inque</strong></span> <span class='ocrx_word' id='word_1_322' title='bbox 394 4135 589 4202; x_wconf 85' lang='lat' dir='ltr'><strong>dubitatione</strong></span> <span class='ocrx_word' id='word_1_323' title='bbox 612 4154 670 4218; x_wconf 89' lang='lat' dir='ltr'><strong>pro</strong></span> <span class='ocrx_word' id='word_1_324' title='bbox 701 4135 859 4202; x_wconf 78' lang='lat' dir='ltr'><strong>redditate</strong></span> <span class='ocrx_word' id='word_1_325' title='bbox 889 4142 939 4202; x_wconf 83' lang='lat' dir='ltr'><strong>est</strong></span> <span class='ocrx_word' id='word_1_326' title='bbox 969 4141 1137 4205; x_wconf 88' lang='lat' dir='ltr'><strong>tenendum</strong></span> <span class='ocrx_word' id='word_1_327' title='bbox 1161 4143 1188 4204; x_wconf 88' lang='lat' dir='ltr'><strong>si</strong></span> <span class='ocrx_word' id='word_1_328' title='bbox 1210 4157 1282 4222; x_wconf 89' lang='lat' dir='ltr'><strong>pars</strong></span> <span class='ocrx_word' id='word_1_329' title='bbox 1303 4139 1429 4202; x_wconf 85' lang='lat' dir='ltr'><strong>adversa</strong></span> <span class='ocrx_word' id='word_1_330' title='bbox 1453 4152 1530 4198; x_wconf 80' lang='lat' dir='ltr'><strong>nurc-</strong></span> 
     </span>
     <span class='ocr_line' id='line_1_36' title="bbox 162 4243 1528 4327; baseline 0.002 -22"><span class='ocrx_word' id='word_1_331' title='bbox 162 4257 257 4320; x_wconf 86' lang='lat' dir='ltr'><strong>quem</strong></span> <span class='ocrx_word' id='word_1_332' title='bbox 289 4243 473 4324; x_wconf 89' lang='lat' dir='ltr'><strong>opposuerit</strong></span> <span class='ocrx_word' id='word_1_333' title='bbox 494 4243 534 4307; x_wconf 92' lang='lat' dir='ltr'><strong>de</strong></span> <span class='ocrx_word' id='word_1_334' title='bbox 565 4243 759 4309; x_wconf 83' lang='lat' dir='ltr'><strong>inhabilitate</strong></span> <span class='ocrx_word' id='word_1_335' title='bbox 789 4262 938 4327; x_wconf 84' lang='lat' dir='ltr'><strong>personae</strong></span> <span class='ocrx_word' id='word_1_336' title='bbox 964 4248 1154 4313; x_wconf 87' lang='lat' dir='ltr'><strong>substitutae</strong></span> <span class='ocrx_word' id='word_1_337' title='bbox 1175 4266 1217 4312; x_wconf 84' lang='lat' dir='ltr'><strong>ex</strong></span> <span class='ocrx_word' id='word_1_338' title='bbox 1239 4248 1361 4312; x_wconf 85' lang='lat' dir='ltr'><strong>deiectu</strong></span> <span class='ocrx_word' id='word_1_339' title='bbox 1393 4245 1528 4309; x_wconf 87' lang='lat' dir='ltr'><strong>mandati</strong></span> 
     </span>
     <span class='ocr_line' id='line_1_37' title="bbox 162 4347 1527 4438; baseline 0.004 -27"><span class='ocrx_word' id='word_1_340' title='bbox 162 4347 390 4428; x_wconf 85' lang='lat' dir='ltr'><strong>substituentis,</strong></span> <span class='ocrx_word' id='word_1_341' title='bbox 413 4349 508 4415; x_wconf 82' lang='lat' dir='ltr'><strong>Jooob</strong></span> <span class='ocrx_word' id='word_1_342' title='bbox 531 4350 683 4417; x_wconf 81' lang='lat' dir='ltr'><strong>Lourerst.</strong></span> <span class='ocrx_word' id='word_1_343' title='bbox 704 4355 741 4416; x_wconf 83' lang='lat' dir='ltr'><strong>in</strong></span> <span class='ocrx_word' id='word_1_344' title='bbox 762 4362 851 4418; x_wconf 85' lang='lat' dir='ltr'><strong>treet.</strong></span> <span class='ocrx_word' id='word_1_345' title='bbox 874 4355 910 4417; x_wconf 81' lang='lat' dir='ltr'><strong>de</strong></span> <span class='ocrx_word' id='word_1_346' title='bbox 927 4354 1028 4434; x_wconf 76' lang='lat' dir='ltr'><strong>jecto.</strong></span> <span class='ocrx_word' id='word_1_347' title='bbox 1049 4366 1180 4438; x_wconf 81' lang='lat' dir='ltr'><strong>suspect.</strong></span> <span class='ocrx_word' id='word_1_348' title='bbox 1194 4374 1262 4437; x_wconf 89' lang='lat' dir='ltr'><strong>cop.</strong></span> <span class='ocrx_word' id='word_1_349' title='bbox 1284 4354 1306 4417; x_wconf 87' lang='grc'><strong>6</strong></span> <span class='ocrx_word' id='word_1_350' title='bbox 1329 4375 1359 4418; x_wconf 88' lang='lat' dir='ltr'><strong>o.</strong></span> <span class='ocrx_word' id='word_1_351' title='bbox 1380 4352 1421 4417; x_wconf 88' lang='grc'>18</span> <span class='ocrx_word' id='word_1_352' title='bbox 1444 4359 1527 4418; x_wconf 82' lang='lat' dir='ltr'><strong>circe</strong></span> 
     </span>
     <span class='ocr_line' id='line_1_38' title="bbox 160 4453 1176 4547; baseline 0.011 -29"><span class='ocrx_word' id='word_1_353' title='bbox 160 4453 229 4532; x_wconf 73' lang='lat' dir='ltr'><strong>llo,</strong></span> <span class='ocrx_word' id='word_1_354' title='bbox 252 4454 309 4534; x_wconf 83' lang='lat' dir='ltr'><strong>qui</strong></span> <span class='ocrx_word' id='word_1_355' title='bbox 331 4455 446 4539; x_wconf 79' lang='lat' dir='ltr'><strong>allegat</strong></span> <span class='ocrx_word' id='word_1_356' title='bbox 469 4456 533 4522; x_wconf 79' lang='lat' dir='ltr'><strong>loo.</strong></span> <span class='ocrx_word' id='word_1_357' title='bbox 554 4461 590 4522; x_wconf 85' lang='lat' dir='ltr'><strong>c&#39;n</strong></span> <span class='ocrx_word' id='word_1_358' title='bbox 614 4460 649 4523; x_wconf 89' lang='lat' dir='ltr'><strong>L.</strong></span> <span class='ocrx_word' id='word_1_359' title='bbox 672 4463 755 4543; x_wconf 81' lang='lat' dir='ltr'><strong>qood</strong></span> <span class='ocrx_word' id='word_1_360' title='bbox 775 4464 847 4543; x_wconf 80' lang='lat' dir='ltr'><strong>puto</strong></span> <span class='ocrx_word' id='word_1_361' title='bbox 868 4463 933 4527; x_wconf 82' lang='lat' dir='ltr'><strong>cod</strong></span> <span class='ocrx_word' id='word_1_362' title='bbox 955 4466 993 4528; x_wconf 82' lang='lat' dir='ltr'><strong>dc</strong></span> <span class='ocrx_word' id='word_1_363' title='bbox 1010 4474 1176 4547; x_wconf 84' lang='lat' dir='ltr'><strong>procurat.</strong></span> 
     </span>
    </p>

    <p class='ocr_par' dir='ltr' id='par_1_11' title="bbox 163 4559 1528 4735">
     <span class='ocr_line' id='line_1_39' title="bbox 253 4559 1528 4649; baseline 0.005 -24"><span class='ocrx_word' id='word_1_364' title='bbox 253 4559 304 4627; x_wconf 91' lang='lat'><strong>11.</strong></span> <span class='ocrx_word' id='word_1_365' title='bbox 325 4565 460 4631; x_wconf 84' lang='lat' dir='ltr'><strong>Secessi</strong></span> <span class='ocrx_word' id='word_1_366' title='bbox 476 4569 667 4649; x_wconf 89' lang='lat' dir='ltr'><strong>opposuerit,</strong></span> <span class='ocrx_word' id='word_1_367' title='bbox 682 4568 806 4634; x_wconf 78' lang='lat' dir='ltr'><strong>Broint.</strong></span> <span class='ocrx_word' id='word_1_368' title='bbox 828 4571 918 4635; x_wconf 83' lang='lat' dir='ltr'><strong>decis.</strong></span> <span class='ocrx_word' id='word_1_369' title='bbox 941 4571 984 4635; x_wconf 79' lang='lat'><strong>57</strong></span> <span class='ocrx_word' id='word_1_370' title='bbox 1007 4591 1081 4637; x_wconf 83' lang='lat' dir='ltr'><strong>cnm</strong></span> <span class='ocrx_word' id='word_1_371' title='bbox 1102 4574 1184 4647; x_wconf 84' lang='lat' dir='ltr'><strong>otiis,</strong></span> <span class='ocrx_word' id='word_1_372' title='bbox 1208 4580 1234 4634; x_wconf 89' lang='lat' dir='ltr'><strong>et</strong></span> <span class='ocrx_word' id='word_1_373' title='bbox 1259 4570 1528 4636; x_wconf 63' lang='lat' dir='ltr'><strong>resonuerat.</strong></span> 
     </span>
     <span class='ocr_line' id='line_1_40' title="bbox 163 4668 332 4735; baseline 0.012 -2"><span class='ocrx_word' id='word_1_374' title='bbox 163 4669 203 4733; x_wconf 80' lang='lat' dir='ltr'><strong>lot</strong></span> <span class='ocrx_word' id='word_1_375' title='bbox 225 4689 258 4735; x_wconf 82' lang='lat' dir='ltr'><strong>rs.</strong></span> <span class='ocrx_word' id='word_1_376' title='bbox 282 4668 332 4735; x_wconf 77' lang='lat' dir='ltr'><strong>to.</strong></span> 
     </span>
    </p>

    <p class='ocr_par' dir='ltr' id='par_1_12' title="bbox 162 4776 1526 4982">
     <span class='ocr_line' id='line_1_41' title="bbox 248 4776 1526 4872; baseline 0.005 -30"><span class='ocrx_word' id='word_1_377' title='bbox 248 4799 267 4836; x_wconf 77' lang='lat' dir='ltr'><strong>r</strong></span> <span class='ocrx_word' id='word_1_378' title='bbox 289 4776 442 4856; x_wconf 75' lang='lat' dir='ltr'><strong>Qumis</strong></span> <span class='ocrx_word' id='word_1_379' title='bbox 462 4789 649 4864; x_wconf 82' lang='lat' dir='ltr'><strong>procurator</strong></span> <span class='ocrx_word' id='word_1_380' title='bbox 671 4786 709 4851; x_wconf 91' lang='lat' dir='ltr'><strong>cd</strong></span> <span class='ocrx_word' id='word_1_381' title='bbox 731 4788 801 4853; x_wconf 85' lang='lat' dir='ltr'><strong>lites</strong></span> <span class='ocrx_word' id='word_1_382' title='bbox 823 4808 884 4854; x_wconf 90' lang='lat' dir='ltr'><strong>uon</strong></span> <span class='ocrx_word' id='word_1_383' title='bbox 915 4791 1012 4872; x_wconf 66' lang='lat' dir='ltr'><strong>ponit</strong></span> <span class='ocrx_word' id='word_1_384' title='bbox 1040 4791 1233 4856; x_wconf 87' lang='lat' dir='ltr'><strong>substituere</strong></span> <span class='ocrx_word' id='word_1_385' title='bbox 1264 4791 1323 4856; x_wconf 89' lang='lat' dir='ltr'><strong>nisi</strong></span> <span class='ocrx_word' id='word_1_386' title='bbox 1353 4791 1464 4855; x_wconf 83' lang='lat' dir='ltr'><strong>babeat</strong></span> <span class='ocrx_word' id='word_1_387' title='bbox 1494 4790 1526 4850; x_wconf 87' lang='lat' dir='ltr'><strong>in</strong></span> 
     </span>
     <span class='ocr_line' id='line_1_42' title="bbox 162 4886 1526 4982; baseline 0.009 -34"><span class='ocrx_word' id='word_1_388' title='bbox 162 4904 179 4942; x_wconf 76' lang='lat' dir='ltr'><strong>c</strong></span> <span class='ocrx_word' id='word_1_389' title='bbox 202 4886 351 4954; x_wconf 86' lang='lat' dir='ltr'><strong>mandato</strong></span> <span class='ocrx_word' id='word_1_390' title='bbox 374 4888 552 4957; x_wconf 71' lang='lat' dir='ltr'><strong>nouitatem</strong></span> <span class='ocrx_word' id='word_1_391' title='bbox 575 4894 621 4959; x_wconf 85' lang='lat' dir='ltr'><strong>vel</strong></span> <span class='ocrx_word' id='word_1_392' title='bbox 643 4895 685 4959; x_wconf 89' lang='lat' dir='ltr'><strong>sit</strong></span> <span class='ocrx_word' id='word_1_393' title='bbox 705 4896 835 4961; x_wconf 84' lang='lat' dir='ltr'><strong>enectus</strong></span> <span class='ocrx_word' id='word_1_394' title='bbox 865 4898 1010 4964; x_wconf 88' lang='lat' dir='ltr'><strong>domiuus</strong></span> <span class='ocrx_word' id='word_1_395' title='bbox 1040 4900 1120 4982; x_wconf 90' lang='lat' dir='ltr'><strong>litis,</strong></span> <span class='ocrx_word' id='word_1_396' title='bbox 1141 4917 1229 4967; x_wconf 87' lang='lat' dir='ltr'><strong>secus</strong></span> <span class='ocrx_word' id='word_1_397' title='bbox 1250 4906 1354 4968; x_wconf 69' lang='lat' dir='ltr'><strong>nmen</strong></span> <span class='ocrx_word' id='word_1_398' title='bbox 1385 4898 1526 4982; x_wconf 90' lang='lat' dir='ltr'><strong>procedit</strong></span> 
     </span>
    </p>
   </div>
   <div class='ocr_carea' id='block_1_3' title="bbox 0 0 1872 5750">
    <p class='ocr_par' dir='ltr' id='par_1_13' title="bbox 0 0 1872 5750">
     <span class='ocr_line' id='line_1_43' title="bbox 0 0 1872 5750; baseline 0 2"><span class='ocrx_word' id='word_1_399' title='bbox 0 0 1872 5750; x_wconf 95' lang='lat' dir='ltr'><strong> </strong></span> 
     </span>
    </p>
   </div>
  </div>
 </body>
</html>
