<?xml version="1.0" encoding="UTF-8"?>
<!DOCTYPE html PUBLIC "-//W3C//DTD XHTML 1.0 Transitional//EN"
    "http://www.w3.org/TR/xhtml1/DTD/xhtml1-transitional.dtd">
<html xmlns="http://www.w3.org/1999/xhtml" xml:lang="en" lang="en">
 <head>
  <title>
</title>
<meta http-equiv="Content-Type" content="text/html;charset=utf-8" />
  <meta name='ocr-system' content='tesseract 3.04.00' />
  <meta name='ocr-capabilities' content='ocr_page ocr_carea ocr_par ocr_line ocrx_word'/>
</head>
<body>
  <div class='ocr_page' id='page_1' title='image "./tractatusdeproc00cencgoog_0677.png"; bbox 0 0 3734 5750; ppageno 0'>
   <div class='ocr_carea' id='block_1_1' title="bbox 539 341 1573 428">
    <p class='ocr_par' dir='ltr' id='par_1_1' title="bbox 539 341 1573 428">
     <span class='ocr_line' id='line_1_1' title="bbox 539 341 1573 428; baseline 0.016 -18"><span class='ocrx_word' id='word_1_1' title='bbox 539 342 595 412; x_wconf 86' lang='lat' dir='ltr'>DE</span> <span class='ocrx_word' id='word_1_2' title='bbox 619 341 1004 417; x_wconf 79' lang='lat' dir='ltr'>uncuunnuonlnus</span> <span class='ocrx_word' id='word_1_3' title='bbox 1027 352 1116 419; x_wconf 78' lang='lat' dir='ltr'><strong>CAP.</strong></span> <span class='ocrx_word' id='word_1_4' title='bbox 1137 355 1237 422; x_wconf 81' lang='lat' dir='ltr'><strong>CXX.</strong></span> <span class='ocrx_word' id='word_1_5' title='bbox 1508 359 1573 428; x_wconf 86' lang='grc'>669</span> 
     </span>
    </p>
   </div>
   <div class='ocr_carea' id='block_1_2' title="bbox 286 513 1572 613">
    <p class='ocr_par' dir='ltr' id='par_1_2' title="bbox 286 513 1572 613">
     <span class='ocr_line' id='line_1_2' title="bbox 286 513 1572 613; baseline 0.016 -35"><span class='ocrx_word' id='word_1_6' title='bbox 286 536 305 575; x_wconf 77' lang='lat' dir='ltr'>r</span> <span class='ocrx_word' id='word_1_7' title='bbox 328 513 421 593; x_wconf 82' lang='lat' dir='ltr'>Quod</span> <span class='ocrx_word' id='word_1_8' title='bbox 445 513 626 579; x_wconf 88' lang='lat' dir='ltr'>mandatum</span> <span class='ocrx_word' id='word_1_9' title='bbox 648 514 773 596; x_wconf 75' lang='lat' dir='ltr'>expiret</span> <span class='ocrx_word' id='word_1_10' title='bbox 795 534 851 599; x_wconf 93' lang='lat' dir='ltr'>per</span> <span class='ocrx_word' id='word_1_11' title='bbox 873 524 1009 585; x_wconf 85' lang='lat' dir='ltr'>mortam</span> <span class='ocrx_word' id='word_1_12' title='bbox 1032 522 1223 606; x_wconf 89' lang='lat' dir='ltr'>mandantis,</span> <span class='ocrx_word' id='word_1_13' title='bbox 1239 528 1379 613; x_wconf 70' lang='lat' dir='ltr'>intellige</span> <span class='ocrx_word' id='word_1_14' title='bbox 1404 532 1572 613; x_wconf 80' lang='lat' dir='ltr'>procedere</span> 
     </span>
    </p>
   </div>
   <div class='ocr_carea' id='block_1_3' title="bbox 194 624 1579 817">
    <p class='ocr_par' dir='ltr' id='par_1_3' title="bbox 194 624 1579 817">
     <span class='ocr_line' id='line_1_3' title="bbox 194 624 1579 714; baseline 0.014 -29"><span class='ocrx_word' id='word_1_15' title='bbox 194 645 216 685; x_wconf 68' lang='grc'>6</span> <span class='ocrx_word' id='word_1_16' title='bbox 242 642 278 689; x_wconf 80' lang='lat' dir='ltr'>re</span> <span class='ocrx_word' id='word_1_17' title='bbox 299 624 441 708; x_wconf 84' lang='lat' dir='ltr'>integra,</span> <span class='ocrx_word' id='word_1_18' title='bbox 461 624 535 706; x_wconf 85' lang='lat' dir='ltr'>qaia</span> <span class='ocrx_word' id='word_1_19' title='bbox 557 641 620 688; x_wconf 91' lang='lat' dir='ltr'>non</span> <span class='ocrx_word' id='word_1_20' title='bbox 645 624 775 689; x_wconf 83' lang='lat' dir='ltr'>intc&#39;rest</span> <span class='ocrx_word' id='word_1_21' title='bbox 795 624 932 707; x_wconf 88' lang='lat' dir='ltr'>domini,</span> <span class='ocrx_word' id='word_1_22' title='bbox 955 645 1011 693; x_wconf 88' lang='lat' dir='ltr'>nec</span> <span class='ocrx_word' id='word_1_23' title='bbox 1034 635 1269 714; x_wconf 76' lang='lat' dir='ltr'>procuratoris,</span> <span class='ocrx_word' id='word_1_24' title='bbox 1292 635 1363 705; x_wconf 85' lang='lat' dir='ltr'>llct.</span> <span class='ocrx_word' id='word_1_25' title='bbox 1392 638 1483 705; x_wconf 80' lang='lat' dir='ltr'>decis</span> <span class='ocrx_word' id='word_1_26' title='bbox 1505 634 1579 704; x_wconf 88' lang='grc'>366</span> 
     </span>
     <span class='ocr_line' id='line_1_4' title="bbox 196 728 1278 817; baseline 0.016 -26"><span class='ocrx_word' id='word_1_27' title='bbox 196 731 217 791; x_wconf 68' lang='lat' dir='ltr'>t</span> <span class='ocrx_word' id='word_1_28' title='bbox 243 751 275 796; x_wconf 92' lang='grc'>6.</span> <span class='ocrx_word' id='word_1_29' title='bbox 298 728 319 796; x_wconf 90' lang='grc'><strong>3</strong></span> <span class='ocrx_word' id='word_1_30' title='bbox 338 747 411 812; x_wconf 82' lang='lat' dir='ltr'>par.</span> <span class='ocrx_word' id='word_1_31' title='bbox 432 728 472 808; x_wconf 90' lang='grc'>3,</span> <span class='ocrx_word' id='word_1_32' title='bbox 493 741 522 796; x_wconf 86' lang='grc'>6</span> <span class='ocrx_word' id='word_1_33' title='bbox 545 731 636 795; x_wconf 82' lang='lat' dir='ltr'>decis.</span> <span class='ocrx_word' id='word_1_34' title='bbox 657 728 722 794; x_wconf 87' lang='grc'><strong>297</strong></span> <span class='ocrx_word' id='word_1_35' title='bbox 744 750 776 795; x_wconf 89' lang='grc'>6.</span> <span class='ocrx_word' id='word_1_36' title='bbox 800 728 831 809; x_wconf 85' lang='grc'>6,</span> <span class='ocrx_word' id='word_1_37' title='bbox 853 733 874 796; x_wconf 87' lang='grc'><strong>9</strong></span> <span class='ocrx_word' id='word_1_38' title='bbox 897 744 926 798; x_wconf 87' lang='grc'>6</span> <span class='ocrx_word' id='word_1_39' title='bbox 951 733 992 797; x_wconf 86' lang='grc'>16</span> <span class='ocrx_word' id='word_1_40' title='bbox 1011 756 1086 817; x_wconf 81' lang='lat' dir='ltr'>por.</span> <span class='ocrx_word' id='word_1_41' title='bbox 1107 739 1128 801; x_wconf 87' lang='lat'><strong>7</strong></span> <span class='ocrx_word' id='word_1_42' title='bbox 1153 739 1278 808; x_wconf 83' lang='lat' dir='ltr'>Recent.</span> 
     </span>
    </p>
   </div>
   <div class='ocr_carea' id='block_1_4' title="bbox 173 838 1577 4699">
    <p class='ocr_par' dir='ltr' id='par_1_4' title="bbox 198 838 1570 1025">
     <span class='ocr_line' id='line_1_5' title="bbox 289 838 1570 925; baseline 0.01 -24"><span class='ocrx_word' id='word_1_43' title='bbox 289 860 307 901; x_wconf 76' lang='lat' dir='ltr'>r</span> <span class='ocrx_word' id='word_1_44' title='bbox 332 840 427 905; x_wconf 85' lang='lat' dir='ltr'>Secus</span> <span class='ocrx_word' id='word_1_45' title='bbox 449 844 558 905; x_wconf 86' lang='lat' dir='ltr'>autern</span> <span class='ocrx_word' id='word_1_46' title='bbox 581 856 617 902; x_wconf 90' lang='lat' dir='ltr'>re</span> <span class='ocrx_word' id='word_1_47' title='bbox 638 854 700 901; x_wconf 89' lang='lat' dir='ltr'>non</span> <span class='ocrx_word' id='word_1_48' title='bbox 723 838 865 922; x_wconf 83' lang='lat' dir='ltr'>integra,</span> <span class='ocrx_word' id='word_1_49' title='bbox 890 840 960 905; x_wconf 81' lang='lat' dir='ltr'>not.</span> <span class='ocrx_word' id='word_1_50' title='bbox 983 843 1055 907; x_wconf 77' lang='lat' dir='ltr'>istd</span> <span class='ocrx_word' id='word_1_51' title='bbox 1077 862 1109 906; x_wconf 93' lang='grc'>6.</span> <span class='ocrx_word' id='word_1_52' title='bbox 1125 844 1147 906; x_wconf 91' lang='grc'>6</span> <span class='ocrx_word' id='word_1_53' title='bbox 1162 858 1190 909; x_wconf 85' lang='lat' dir='ltr'>et</span> <span class='ocrx_word' id='word_1_54' title='bbox 1208 846 1259 925; x_wconf 97' lang='grc'><strong>12,</strong></span> <span class='ocrx_word' id='word_1_55' title='bbox 1275 860 1302 913; x_wconf 81' lang='lat' dir='ltr'>et</span> <span class='ocrx_word' id='word_1_56' title='bbox 1318 852 1409 917; x_wconf 80' lang='lat' dir='ltr'>decis.</span> <span class='ocrx_word' id='word_1_57' title='bbox 1424 848 1467 915; x_wconf 85' lang='lat'>38</span> <span class='ocrx_word' id='word_1_58' title='bbox 1482 850 1570 915; x_wconf 84' lang='grc'>671</span> 
     </span>
     <span class='ocr_line' id='line_1_6' title="bbox 198 942 507 1025; baseline 0.016 -20"><span class='ocrx_word' id='word_1_59' title='bbox 198 966 218 1005; x_wconf 83' lang='grc'>6</span> <span class='ocrx_word' id='word_1_60' title='bbox 241 942 507 1025; x_wconf 71' lang='grc'><strong>6666116661.</strong></span> 
     </span>
    </p>

    <p class='ocr_par' dir='ltr' id='par_1_5' title="bbox 287 1054 1572 1151">
     <span class='ocr_line' id='line_1_7' title="bbox 287 1054 1572 1151; baseline 0.015 -38"><span class='ocrx_word' id='word_1_61' title='bbox 287 1076 305 1113; x_wconf 75' lang='grc'>6</span> <span class='ocrx_word' id='word_1_62' title='bbox 329 1055 515 1121; x_wconf 85' lang='lat' dir='ltr'>Mandatum</span> <span class='ocrx_word' id='word_1_63' title='bbox 546 1055 672 1137; x_wconf 86' lang='lat' dir='ltr'>expimt</span> <span class='ocrx_word' id='word_1_64' title='bbox 701 1054 799 1119; x_wconf 90' lang='lat' dir='ltr'>etiam</span> <span class='ocrx_word' id='word_1_65' title='bbox 833 1075 867 1121; x_wconf 89' lang='lat' dir='ltr'>re</span> <span class='ocrx_word' id='word_1_66' title='bbox 900 1075 961 1121; x_wconf 89' lang='lat' dir='ltr'>non</span> <span class='ocrx_word' id='word_1_67' title='bbox 994 1059 1116 1144; x_wconf 82' lang='lat' dir='ltr'>integra</span> <span class='ocrx_word' id='word_1_68' title='bbox 1157 1067 1261 1129; x_wconf 90' lang='lat' dir='ltr'>morte</span> <span class='ocrx_word' id='word_1_69' title='bbox 1291 1064 1484 1145; x_wconf 88' lang='lat' dir='ltr'>mandantis,</span> <span class='ocrx_word' id='word_1_70' title='bbox 1515 1086 1572 1151; x_wconf 82' lang='lat' dir='ltr'>per</span> 
     </span>
    </p>

    <p class='ocr_par' dir='ltr' id='par_1_6' title="bbox 173 1162 1571 1353">
     <span class='ocr_line' id='line_1_8' title="bbox 173 1162 1571 1247; baseline 0.014 -27"><span class='ocrx_word' id='word_1_71' title='bbox 173 1184 218 1241; x_wconf 16' lang='grc' dir='ltr'>,ια</span> <span class='ocrx_word' id='word_1_72' title='bbox 244 1164 427 1229; x_wconf 88' lang='lat' dir='ltr'>mandatum</span> <span class='ocrx_word' id='word_1_73' title='bbox 458 1165 497 1229; x_wconf 89' lang='lat' dir='ltr'>ad</span> <span class='ocrx_word' id='word_1_74' title='bbox 527 1162 700 1246; x_wconf 80' lang='lat' dir='ltr'>eligendam</span> <span class='ocrx_word' id='word_1_75' title='bbox 733 1181 895 1244; x_wconf 88' lang='lat' dir='ltr'>persomm</span> <span class='ocrx_word' id='word_1_76' title='bbox 929 1166 1080 1233; x_wconf 87' lang='lat' dir='ltr'>incertam</span> <span class='ocrx_word' id='word_1_77' title='bbox 1112 1169 1151 1233; x_wconf 89' lang='lat' dir='ltr'>de</span> <span class='ocrx_word' id='word_1_78' title='bbox 1182 1171 1295 1247; x_wconf 86' lang='lat' dir='ltr'>certis,</span> <span class='ocrx_word' id='word_1_79' title='bbox 1319 1171 1388 1235; x_wconf 78' lang='lat' dir='ltr'>lior.</span> <span class='ocrx_word' id='word_1_80' title='bbox 1416 1172 1505 1239; x_wconf 77' lang='lat' dir='ltr'>decis.</span> <span class='ocrx_word' id='word_1_81' title='bbox 1528 1173 1571 1239; x_wconf 87' lang='grc'>38</span> 
     </span>
     <span class='ocr_line' id='line_1_9' title="bbox 198 1269 625 1353; baseline 0.009 -22"><span class='ocrx_word' id='word_1_82' title='bbox 198 1292 218 1331; x_wconf 73' lang='grc' dir='ltr'>α</span> <span class='ocrx_word' id='word_1_83' title='bbox 243 1291 274 1337; x_wconf 91' lang='grc'>6.</span> <span class='ocrx_word' id='word_1_84' title='bbox 294 1271 339 1336; x_wconf 88' lang='grc'>76</span> <span class='ocrx_word' id='word_1_85' title='bbox 360 1290 432 1353; x_wconf 84' lang='lat' dir='ltr'>por.</span> <span class='ocrx_word' id='word_1_86' title='bbox 454 1269 476 1334; x_wconf 92' lang='grc'><strong>6</strong></span> <span class='ocrx_word' id='word_1_87' title='bbox 499 1271 625 1337; x_wconf 76' lang='lat' dir='ltr'>necent.</span> 
     </span>
    </p>

    <p class='ocr_par' dir='ltr' id='par_1_7' title="bbox 199 1378 1570 1573">
     <span class='ocr_line' id='line_1_10' title="bbox 289 1378 1570 1464; baseline 0.012 -26"><span class='ocrx_word' id='word_1_88' title='bbox 289 1399 319 1441; x_wconf 73' lang='grc'>6.</span> <span class='ocrx_word' id='word_1_89' title='bbox 344 1378 425 1445; x_wconf 91' lang='lat' dir='ltr'>ltern</span> <span class='ocrx_word' id='word_1_90' title='bbox 446 1378 542 1444; x_wconf 86' lang='lat' dir='ltr'>etiam</span> <span class='ocrx_word' id='word_1_91' title='bbox 565 1394 601 1442; x_wconf 90' lang='lat' dir='ltr'>re</span> <span class='ocrx_word' id='word_1_92' title='bbox 624 1396 685 1443; x_wconf 90' lang='lat' dir='ltr'>non</span> <span class='ocrx_word' id='word_1_93' title='bbox 708 1379 831 1463; x_wconf 88' lang='lat' dir='ltr'>integra</span> <span class='ocrx_word' id='word_1_94' title='bbox 854 1383 981 1464; x_wconf 81' lang='lat' dir='ltr'>expiret</span> <span class='ocrx_word' id='word_1_95' title='bbox 1003 1384 1186 1449; x_wconf 89' lang='lat' dir='ltr'>mandatum</span> <span class='ocrx_word' id='word_1_96' title='bbox 1208 1385 1239 1449; x_wconf 93' lang='lat' dir='ltr'>in</span> <span class='ocrx_word' id='word_1_97' title='bbox 1264 1404 1299 1450; x_wconf 89' lang='lat' dir='ltr'>re</span> <span class='ocrx_word' id='word_1_98' title='bbox 1315 1405 1375 1451; x_wconf 90' lang='lat' dir='ltr'>non</span> <span class='ocrx_word' id='word_1_99' title='bbox 1391 1390 1570 1454; x_wconf 89' lang='lat' dir='ltr'>transitoria</span> 
     </span>
     <span class='ocr_line' id='line_1_11' title="bbox 199 1486 1201 1573; baseline 0.013 -25"><span class='ocrx_word' id='word_1_100' title='bbox 199 1509 219 1548; x_wconf 75' lang='lat' dir='ltr'>s</span> <span class='ocrx_word' id='word_1_101' title='bbox 241 1486 281 1551; x_wconf 86' lang='lat' dir='ltr'>ad</span> <span class='ocrx_word' id='word_1_102' title='bbox 303 1486 469 1565; x_wconf 81' lang='lat' dir='ltr'>haeredes,</span> <span class='ocrx_word' id='word_1_103' title='bbox 491 1486 614 1553; x_wconf 78' lang='grc'><strong>1666</strong></span> <span class='ocrx_word' id='word_1_104' title='bbox 636 1488 727 1554; x_wconf 71' lang='lat' dir='ltr'>duis.</span> <span class='ocrx_word' id='word_1_105' title='bbox 748 1486 792 1552; x_wconf 98' lang='grc'><strong>28</strong></span> <span class='ocrx_word' id='word_1_106' title='bbox 816 1509 847 1554; x_wconf 84' lang='grc'>6</span> <span class='ocrx_word' id='word_1_107' title='bbox 869 1487 914 1554; x_wconf 90' lang='grc'>66</span> <span class='ocrx_word' id='word_1_108' title='bbox 933 1510 1008 1573; x_wconf 83' lang='lat' dir='ltr'>por.</span> <span class='ocrx_word' id='word_1_109' title='bbox 1030 1490 1052 1556; x_wconf 90' lang='grc'><strong>6</strong></span> <span class='ocrx_word' id='word_1_110' title='bbox 1076 1494 1201 1560; x_wconf 77' lang='lat' dir='ltr'>liccem.</span> 
     </span>
    </p>

    <p class='ocr_par' dir='ltr' id='par_1_8' title="bbox 199 1591 1573 1894">
     <span class='ocr_line' id='line_1_12' title="bbox 290 1591 1573 1683; baseline 0.015 -27"><span class='ocrx_word' id='word_1_111' title='bbox 290 1614 308 1655; x_wconf 77' lang='lat' dir='ltr'>r</span> <span class='ocrx_word' id='word_1_112' title='bbox 332 1591 426 1672; x_wconf 87' lang='lat' dir='ltr'>Quod</span> <span class='ocrx_word' id='word_1_113' title='bbox 448 1593 592 1676; x_wconf 88' lang='lat' dir='ltr'>procedit</span> <span class='ocrx_word' id='word_1_114' title='bbox 614 1594 711 1661; x_wconf 89' lang='lat' dir='ltr'>etiam</span> <span class='ocrx_word' id='word_1_115' title='bbox 733 1596 765 1660; x_wconf 92' lang='lat' dir='ltr'>in</span> <span class='ocrx_word' id='word_1_116' title='bbox 787 1613 989 1680; x_wconf 84' lang='lat' dir='ltr'>quocumque</span> <span class='ocrx_word' id='word_1_117' title='bbox 1020 1604 1147 1683; x_wconf 89' lang='lat' dir='ltr'>tutore,</span> <span class='ocrx_word' id='word_1_118' title='bbox 1168 1609 1335 1683; x_wconf 80' lang='lat' dir='ltr'>curatore,</span> <span class='ocrx_word' id='word_1_119' title='bbox 1359 1613 1416 1673; x_wconf 86' lang='lat' dir='ltr'>aut</span> <span class='ocrx_word' id='word_1_120' title='bbox 1445 1610 1573 1674; x_wconf 89' lang='lat' dir='ltr'>cmdiu-</span> 
     </span>
     <span class='ocr_line' id='line_1_13' title="bbox 199 1701 1573 1791; baseline 0.014 -28"><span class='ocrx_word' id='word_1_121' title='bbox 199 1723 219 1763; x_wconf 75' lang='lat' dir='ltr'>r</span> <span class='ocrx_word' id='word_1_122' title='bbox 243 1708 332 1779; x_wconf 80' lang='lat' dir='ltr'>torc3</span> <span class='ocrx_word' id='word_1_123' title='bbox 354 1702 443 1767; x_wconf 84' lang='lat' dir='ltr'>linita</span> <span class='ocrx_word' id='word_1_124' title='bbox 464 1703 549 1767; x_wconf 89' lang='lat' dir='ltr'>anim</span> <span class='ocrx_word' id='word_1_125' title='bbox 570 1701 841 1769; x_wconf 76' lang='lat' dir='ltr'>administratione</span> <span class='ocrx_word' id='word_1_126' title='bbox 864 1705 989 1771; x_wconf 87' lang='lat' dir='ltr'>illorum</span> <span class='ocrx_word' id='word_1_127' title='bbox 1013 1725 1070 1791; x_wconf 84' lang='lat' dir='ltr'>per</span> <span class='ocrx_word' id='word_1_128' title='bbox 1092 1714 1359 1789; x_wconf 86' lang='lat' dir='ltr'>mortem,etiam</span> <span class='ocrx_word' id='word_1_129' title='bbox 1385 1718 1573 1781; x_wconf 75' lang='grc'><strong>6666616-</strong></span> 
     </span>
     <span class='ocr_line' id='line_1_14' title="bbox 199 1809 1025 1894; baseline 0.008 -21"><span class='ocrx_word' id='word_1_130' title='bbox 199 1820 219 1872; x_wconf 72' lang='lat' dir='ltr'>&#39;s</span> <span class='ocrx_word' id='word_1_131' title='bbox 243 1815 333 1894; x_wconf 87' lang='lat' dir='ltr'>tagra</span> <span class='ocrx_word' id='word_1_132' title='bbox 357 1809 540 1875; x_wconf 86' lang='lat' dir='ltr'>mandatum</span> <span class='ocrx_word' id='word_1_133' title='bbox 562 1812 707 1893; x_wconf 84' lang='lat' dir='ltr'>expirat,</span> <span class='ocrx_word' id='word_1_134' title='bbox 732 1812 802 1878; x_wconf 81' lang='lat' dir='ltr'>lict.</span> <span class='ocrx_word' id='word_1_135' title='bbox 824 1812 896 1877; x_wconf 77' lang='lat' dir='ltr'>idid.</span> <span class='ocrx_word' id='word_1_136' title='bbox 917 1833 950 1879; x_wconf 78' lang='grc'>6.</span> <span class='ocrx_word' id='word_1_137' title='bbox 972 1811 1025 1880; x_wconf 93' lang='grc'>67.</span> 
     </span>
    </p>

    <p class='ocr_par' dir='ltr' id='par_1_9' title="bbox 197 1917 1575 2323">
     <span class='ocr_line' id='line_1_15' title="bbox 287 1917 1575 2010; baseline 0.009 -28"><span class='ocrx_word' id='word_1_138' title='bbox 287 1917 340 1983; x_wconf 86' lang='grc'>76.</span> <span class='ocrx_word' id='word_1_139' title='bbox 361 1919 448 1984; x_wconf 84' lang='lat' dir='ltr'>Hanc</span> <span class='ocrx_word' id='word_1_140' title='bbox 478 1924 586 1985; x_wconf 85' lang='lat' dir='ltr'>autern</span> <span class='ocrx_word' id='word_1_141' title='bbox 618 1919 838 1987; x_wconf 83' lang='lat' dir='ltr'>limitationem</span> <span class='ocrx_word' id='word_1_142' title='bbox 869 1921 1047 1988; x_wconf 69' lang='lat' dir='ltr'>sublrmltm</span> <span class='ocrx_word' id='word_1_143' title='bbox 1079 1924 1201 2008; x_wconf 86' lang='lat' dir='ltr'>primo,</span> <span class='ocrx_word' id='word_1_144' title='bbox 1239 1927 1269 1989; x_wconf 93' lang='lat' dir='ltr'>in</span> <span class='ocrx_word' id='word_1_145' title='bbox 1303 1934 1507 2010; x_wconf 85' lang='lat' dir='ltr'>procuratore</span> <span class='ocrx_word' id='word_1_146' title='bbox 1539 1933 1575 1994; x_wconf 87' lang='lat' dir='ltr'>et</span> 
     </span>
     <span class='ocr_line' id='line_1_16' title="bbox 198 2029 1572 2116; baseline 0.004 -21"><span class='ocrx_word' id='word_1_147' title='bbox 198 2030 454 2096; x_wconf 83' lang='lat' dir='ltr'>administratore</span> <span class='ocrx_word' id='word_1_148' title='bbox 476 2029 631 2093; x_wconf 88' lang='lat' dir='ltr'>bonorum</span> <span class='ocrx_word' id='word_1_149' title='bbox 653 2029 826 2109; x_wconf 84' lang='lat' dir='ltr'>Ecclesiae,</span> <span class='ocrx_word' id='word_1_150' title='bbox 845 2031 936 2113; x_wconf 82' lang='lat' dir='ltr'>cujus</span> <span class='ocrx_word' id='word_1_151' title='bbox 956 2031 1140 2097; x_wconf 88' lang='lat' dir='ltr'>mandatum</span> <span class='ocrx_word' id='word_1_152' title='bbox 1162 2034 1306 2116; x_wconf 87' lang='lat' dir='ltr'>expirat,</span> <span class='ocrx_word' id='word_1_153' title='bbox 1329 2035 1425 2100; x_wconf 86' lang='lat' dir='ltr'>etiarn</span> <span class='ocrx_word' id='word_1_154' title='bbox 1448 2037 1475 2101; x_wconf 92' lang='lat' dir='ltr'>si</span> <span class='ocrx_word' id='word_1_155' title='bbox 1497 2054 1572 2101; x_wconf 87' lang='lat' dir='ltr'>con-</span> 
     </span>
     <span class='ocr_line' id='line_1_17' title="bbox 197 2137 1573 2225; baseline 0.002 -18"><span class='ocrx_word' id='word_1_156' title='bbox 197 2142 332 2207; x_wconf 86' lang='lat' dir='ltr'>stituens</span> <span class='ocrx_word' id='word_1_157' title='bbox 354 2138 484 2205; x_wconf 86' lang='lat' dir='ltr'>decedat</span> <span class='ocrx_word' id='word_1_158' title='bbox 506 2156 541 2203; x_wconf 89' lang='lat' dir='ltr'>re</span> <span class='ocrx_word' id='word_1_159' title='bbox 562 2156 624 2202; x_wconf 93' lang='lat' dir='ltr'>non</span> <span class='ocrx_word' id='word_1_160' title='bbox 647 2139 788 2224; x_wconf 85' lang='lat' dir='ltr'>integra,</span> <span class='ocrx_word' id='word_1_161' title='bbox 814 2137 982 2223; x_wconf 75' lang='grc'><strong>6666116.</strong></span> <span class='ocrx_word' id='word_1_162' title='bbox 1005 2141 1041 2206; x_wconf 83' lang='lat' dir='ltr'>de</span> <span class='ocrx_word' id='word_1_163' title='bbox 1061 2152 1239 2225; x_wconf 75' lang='lat' dir='ltr'>procurat,</span> <span class='ocrx_word' id='word_1_164' title='bbox 1264 2144 1416 2210; x_wconf 79' lang='lat' dir='ltr'>Laderct.</span> <span class='ocrx_word' id='word_1_165' title='bbox 1437 2147 1467 2210; x_wconf 82' lang='lat' dir='ltr'>d.</span> <span class='ocrx_word' id='word_1_166' title='bbox 1490 2164 1573 2212; x_wconf 79' lang='lat' dir='ltr'>corrs</span> 
     </span>
     <span class='ocr_line' id='line_1_18' title="bbox 202 2243 1282 2323; baseline 0 -10"><span class='ocrx_word' id='word_1_167' title='bbox 202 2245 266 2313; x_wconf 89' lang='grc'>169</span> <span class='ocrx_word' id='word_1_168' title='bbox 290 2266 322 2312; x_wconf 85' lang='grc'>6</span> <span class='ocrx_word' id='word_1_169' title='bbox 345 2245 385 2323; x_wconf 81' lang='lat'>6,</span> <span class='ocrx_word' id='word_1_170' title='bbox 410 2247 481 2313; x_wconf 85' lang='lat' dir='ltr'>llot.</span> <span class='ocrx_word' id='word_1_171' title='bbox 504 2243 954 2313; x_wconf 61' lang='lat' dir='ltr'>manumitterentur.</span> <span class='ocrx_word' id='word_1_172' title='bbox 977 2245 1008 2313; x_wconf 94' lang='grc'><strong>3.</strong></span> <span class='ocrx_word' id='word_1_173' title='bbox 1279 2254 1282 2257; x_wconf 80' lang='grc'><strong>’</strong></span> 
     </span>
    </p>

    <p class='ocr_par' dir='ltr' id='par_1_10' title="bbox 198 2352 1577 2874">
     <span class='ocr_line' id='line_1_19' title="bbox 288 2352 1574 2438; baseline 0.005 -20"><span class='ocrx_word' id='word_1_174' title='bbox 288 2352 341 2419; x_wconf 89' lang='grc'>71.</span> <span class='ocrx_word' id='word_1_175' title='bbox 363 2353 459 2438; x_wconf 84' lang='lat' dir='ltr'>Cujus</span> <span class='ocrx_word' id='word_1_176' title='bbox 479 2354 735 2420; x_wconf 83' lang='lat' dir='ltr'>sublimitationis</span> <span class='ocrx_word' id='word_1_177' title='bbox 757 2372 793 2420; x_wconf 92' lang='lat' dir='ltr'>ea</span> <span class='ocrx_word' id='word_1_178' title='bbox 815 2359 864 2421; x_wconf 86' lang='lat' dir='ltr'>est</span> <span class='ocrx_word' id='word_1_179' title='bbox 886 2357 988 2436; x_wconf 89' lang='lat' dir='ltr'>ratio,</span> <span class='ocrx_word' id='word_1_180' title='bbox 1002 2358 1078 2438; x_wconf 84' lang='lat' dir='ltr'>quia</span> <span class='ocrx_word' id='word_1_181' title='bbox 1093 2359 1125 2422; x_wconf 93' lang='lat' dir='ltr'>in</span> <span class='ocrx_word' id='word_1_182' title='bbox 1140 2358 1371 2426; x_wconf 82' lang='lat' dir='ltr'>beneficialibus</span> <span class='ocrx_word' id='word_1_183' title='bbox 1392 2378 1454 2425; x_wconf 91' lang='lat' dir='ltr'>non</span> <span class='ocrx_word' id='word_1_184' title='bbox 1478 2359 1574 2428; x_wconf 89' lang='lat' dir='ltr'>datur</span> 
     </span>
     <span class='ocr_line' id='line_1_20' title="bbox 200 2462 1574 2551; baseline 0.001 -21"><span class='ocrx_word' id='word_1_185' title='bbox 200 2464 374 2539; x_wconf 82' lang='lat' dir='ltr'>successio,</span> <span class='ocrx_word' id='word_1_186' title='bbox 395 2480 454 2528; x_wconf 86' lang='lat' dir='ltr'>nec</span> <span class='ocrx_word' id='word_1_187' title='bbox 474 2462 546 2545; x_wconf 83' lang='lat' dir='ltr'>quis</span> <span class='ocrx_word' id='word_1_188' title='bbox 567 2462 663 2527; x_wconf 85' lang='lat' dir='ltr'>habet</span> <span class='ocrx_word' id='word_1_189' title='bbox 685 2462 869 2544; x_wconf 84' lang='lat' dir='ltr'>haeredem,</span> <span class='ocrx_word' id='word_1_190' title='bbox 898 2464 1023 2529; x_wconf 75' lang='lat' dir='ltr'>Vitatis.</span> <span class='ocrx_word' id='word_1_191' title='bbox 1038 2466 1067 2529; x_wconf 83' lang='lat' dir='ltr'>d</span> <span class='ocrx_word' id='word_1_192' title='bbox 1083 2463 1218 2532; x_wconf 77' lang='grc'><strong>06666</strong></span> <span class='ocrx_word' id='word_1_193' title='bbox 1232 2468 1286 2551; x_wconf 72' lang='lat' dir='ltr'>pto.</span> <span class='ocrx_word' id='word_1_194' title='bbox 1301 2469 1357 2532; x_wconf 86' lang='lat' dir='ltr'>cot.</span> <span class='ocrx_word' id='word_1_195' title='bbox 1372 2466 1394 2529; x_wconf 89' lang='grc'><strong>2</strong></span> <span class='ocrx_word' id='word_1_196' title='bbox 1410 2466 1445 2532; x_wconf 83' lang='lat' dir='ltr'>ic</span> <span class='ocrx_word' id='word_1_197' title='bbox 1460 2470 1574 2549; x_wconf 75' lang='grc'><strong>6666,</strong></span> 
     </span>
     <span class='ocr_line' id='line_1_21' title="bbox 198 2568 1574 2654; baseline 0 -16"><span class='ocrx_word' id='word_1_198' title='bbox 198 2582 228 2638; x_wconf 84' lang='lat' dir='ltr'>at</span> <span class='ocrx_word' id='word_1_199' title='bbox 249 2573 306 2636; x_wconf 79' lang='lat' dir='ltr'>cot</span> <span class='ocrx_word' id='word_1_200' title='bbox 328 2570 351 2636; x_wconf 82' lang='lat'><strong>3</strong></span> <span class='ocrx_word' id='word_1_201' title='bbox 371 2573 408 2637; x_wconf 74' lang='lat' dir='ltr'>is</span> <span class='ocrx_word' id='word_1_202' title='bbox 427 2574 551 2654; x_wconf 77' lang='grc'><strong>6666,</strong></span> <span class='ocrx_word' id='word_1_203' title='bbox 570 2571 645 2636; x_wconf 73' lang='lat' dir='ltr'>Por.</span> <span class='ocrx_word' id='word_1_204' title='bbox 666 2572 757 2636; x_wconf 78' lang='lat' dir='ltr'>decia</span> <span class='ocrx_word' id='word_1_205' title='bbox 781 2568 846 2635; x_wconf 90' lang='grc'>186</span> <span class='ocrx_word' id='word_1_206' title='bbox 868 2592 900 2637; x_wconf 91' lang='grc'>6.</span> <span class='ocrx_word' id='word_1_207' title='bbox 923 2571 946 2635; x_wconf 86' lang='grc'><strong>2</strong></span> <span class='ocrx_word' id='word_1_208' title='bbox 967 2573 1018 2638; x_wconf 78' lang='lat' dir='ltr'>uo.</span> <span class='ocrx_word' id='word_1_209' title='bbox 1040 2570 1080 2648; x_wconf 86' lang='grc'><strong>2,</strong></span> <span class='ocrx_word' id='word_1_210' title='bbox 1113 2572 1202 2639; x_wconf 76' lang='lat' dir='ltr'>tuat.</span> <span class='ocrx_word' id='word_1_211' title='bbox 1225 2575 1255 2639; x_wconf 85' lang='lat' dir='ltr'>d.</span> <span class='ocrx_word' id='word_1_212' title='bbox 1276 2576 1322 2640; x_wconf 85' lang='lat' dir='ltr'>ttt.</span> <span class='ocrx_word' id='word_1_213' title='bbox 1344 2575 1382 2639; x_wconf 76' lang='lat' dir='ltr'>de</span> <span class='ocrx_word' id='word_1_214' title='bbox 1405 2575 1510 2638; x_wconf 79' lang='lat' dir='ltr'>outlit.</span> <span class='ocrx_word' id='word_1_215' title='bbox 1533 2592 1574 2639; x_wconf 78' lang='lat' dir='ltr'>eu</span> 
     </span>
     <span class='ocr_line' id='line_1_22' title="bbox 199 2676 1577 2764; baseline 0 -18"><span class='ocrx_word' id='word_1_216' title='bbox 199 2681 306 2764; x_wconf 74' lang='grc'><strong>6666.</strong></span> <span class='ocrx_word' id='word_1_217' title='bbox 327 2680 481 2745; x_wconf 74' lang='lat' dir='ltr'>intodilit</span> <span class='ocrx_word' id='word_1_218' title='bbox 503 2699 535 2744; x_wconf 91' lang='grc'>6.</span> <span class='ocrx_word' id='word_1_219' title='bbox 559 2677 621 2742; x_wconf 90' lang='grc'>171</span> <span class='ocrx_word' id='word_1_220' title='bbox 646 2689 674 2743; x_wconf 89' lang='grc'>6</span> <span class='ocrx_word' id='word_1_221' title='bbox 700 2676 782 2756; x_wconf 91' lang='grc'><strong>173,</strong></span> <span class='ocrx_word' id='word_1_222' title='bbox 807 2679 877 2745; x_wconf 82' lang='lat' dir='ltr'>Rct.</span> <span class='ocrx_word' id='word_1_223' title='bbox 899 2682 986 2746; x_wconf 81' lang='lat' dir='ltr'>decis</span> <span class='ocrx_word' id='word_1_224' title='bbox 1010 2678 1095 2745; x_wconf 92' lang='grc'><strong>1363</strong></span> <span class='ocrx_word' id='word_1_225' title='bbox 1118 2700 1149 2746; x_wconf 84' lang='grc'>6</span> <span class='ocrx_word' id='word_1_226' title='bbox 1175 2681 1191 2744; x_wconf 93' lang='grc'><strong>1</strong></span> <span class='ocrx_word' id='word_1_227' title='bbox 1215 2681 1266 2747; x_wconf 83' lang='grc'>66.</span> <span class='ocrx_word' id='word_1_228' title='bbox 1289 2679 1310 2746; x_wconf 85' lang='grc'><strong>3</strong></span> <span class='ocrx_word' id='word_1_229' title='bbox 1322 2698 1395 2763; x_wconf 83' lang='lat' dir='ltr'>par.</span> <span class='ocrx_word' id='word_1_230' title='bbox 1411 2680 1432 2746; x_wconf 92' lang='grc'><strong>3</strong></span> <span class='ocrx_word' id='word_1_231' title='bbox 1447 2682 1577 2759; x_wconf 67' lang='lat' dir='ltr'>dicare,</span> 
     </span>
     <span class='ocr_line' id='line_1_23' title="bbox 204 2784 1556 2874; baseline -0.002 -18"><span class='ocrx_word' id='word_1_232' title='bbox 204 2789 310 2856; x_wconf 82' lang='lat' dir='ltr'>Soocc.</span> <span class='ocrx_word' id='word_1_233' title='bbox 330 2791 361 2853; x_wconf 78' lang='lat' dir='ltr'>d</span> <span class='ocrx_word' id='word_1_234' title='bbox 381 2797 498 2874; x_wconf 72' lang='lat' dir='ltr'>pacat</span> <span class='ocrx_word' id='word_1_235' title='bbox 521 2787 565 2853; x_wconf 81' lang='grc'><strong>25</strong></span> <span class='ocrx_word' id='word_1_236' title='bbox 587 2806 619 2852; x_wconf 90' lang='grc'>6.</span> <span class='ocrx_word' id='word_1_237' title='bbox 642 2784 686 2853; x_wconf 89' lang='grc'>98</span> <span class='ocrx_word' id='word_1_238' title='bbox 707 2805 784 2854; x_wconf 75' lang='lat' dir='ltr'>cers</span> <span class='ocrx_word' id='word_1_239' title='bbox 807 2788 895 2854; x_wconf 76' lang='lat' dir='ltr'>sedas</span> <span class='ocrx_word' id='word_1_240' title='bbox 914 2798 945 2853; x_wconf 85' lang='grc'>6</span> <span class='ocrx_word' id='word_1_241' title='bbox 967 2791 1076 2873; x_wconf 67' lang='lat' dir='ltr'>iresca,</span> <span class='ocrx_word' id='word_1_242' title='bbox 1100 2788 1253 2854; x_wconf 73' lang='lat' dir='ltr'>luderet</span> <span class='ocrx_word' id='word_1_243' title='bbox 1275 2807 1359 2854; x_wconf 83' lang='lat' dir='ltr'>coos.</span> <span class='ocrx_word' id='word_1_244' title='bbox 1383 2784 1448 2852; x_wconf 92' lang='grc'>169</span> <span class='ocrx_word' id='word_1_245' title='bbox 1471 2807 1503 2851; x_wconf 95' lang='grc'>6.</span> <span class='ocrx_word' id='word_1_246' title='bbox 1526 2786 1556 2853; x_wconf 82' lang='grc'>6.</span> 
     </span>
    </p>

    <p class='ocr_par' dir='ltr' id='par_1_11' title="bbox 200 2895 1570 3089">
     <span class='ocr_line' id='line_1_24' title="bbox 287 2895 1570 2983; baseline 0.001 -22"><span class='ocrx_word' id='word_1_247' title='bbox 287 2900 434 2966; x_wconf 75' lang='lat' dir='ltr'>«Etiam</span> <span class='ocrx_word' id='word_1_248' title='bbox 457 2916 492 2964; x_wconf 91' lang='lat' dir='ltr'>re</span> <span class='ocrx_word' id='word_1_249' title='bbox 514 2918 576 2964; x_wconf 92' lang='lat' dir='ltr'>non</span> <span class='ocrx_word' id='word_1_250' title='bbox 608 2900 728 2983; x_wconf 86' lang='lat' dir='ltr'>integra</span> <span class='ocrx_word' id='word_1_251' title='bbox 760 2900 888 2981; x_wconf 89' lang='lat' dir='ltr'>expirat</span> <span class='ocrx_word' id='word_1_252' title='bbox 910 2900 1093 2966; x_wconf 84' lang='lat' dir='ltr'>mandatum</span> <span class='ocrx_word' id='word_1_253' title='bbox 1124 2916 1182 2982; x_wconf 83' lang='lat' dir='ltr'>per</span> <span class='ocrx_word' id='word_1_254' title='bbox 1213 2902 1348 2964; x_wconf 84' lang='lat' dir='ltr'>mortam</span> <span class='ocrx_word' id='word_1_255' title='bbox 1377 2895 1570 2970; x_wconf 80' lang='lat' dir='ltr'>beneficiati,</span> 
     </span>
     <span class='ocr_line' id='line_1_25' title="bbox 200 3004 901 3089; baseline -0.001 -17"><span class='ocrx_word' id='word_1_256' title='bbox 200 3033 219 3072; x_wconf 74' lang='lat' dir='ltr'>r</span> <span class='ocrx_word' id='word_1_257' title='bbox 247 3010 316 3077; x_wconf 84' lang='lat' dir='ltr'>Rct.</span> <span class='ocrx_word' id='word_1_258' title='bbox 338 3010 427 3073; x_wconf 76' lang='lat' dir='ltr'>decis.</span> <span class='ocrx_word' id='word_1_259' title='bbox 450 3004 494 3073; x_wconf 82' lang='lat'>38</span> <span class='ocrx_word' id='word_1_260' title='bbox 516 3028 548 3072; x_wconf 95' lang='grc'>6.</span> <span class='ocrx_word' id='word_1_261' title='bbox 570 3004 616 3072; x_wconf 85' lang='grc'>69</span> <span class='ocrx_word' id='word_1_262' title='bbox 635 3024 708 3089; x_wconf 84' lang='lat' dir='ltr'>pur.</span> <span class='ocrx_word' id='word_1_263' title='bbox 730 3004 752 3071; x_wconf 91' lang='lat'><strong>6</strong></span> <span class='ocrx_word' id='word_1_264' title='bbox 776 3008 901 3073; x_wconf 83' lang='lat' dir='ltr'>llecect</span> 
     </span>
    </p>

    <p class='ocr_par' dir='ltr' id='par_1_12' title="bbox 199 3114 1576 3415">
     <span class='ocr_line' id='line_1_26' title="bbox 286 3114 1576 3200; baseline -0.005 -20"><span class='ocrx_word' id='word_1_265' title='bbox 286 3115 341 3181; x_wconf 87' lang='grc'><strong>72</strong></span> <span class='ocrx_word' id='word_1_266' title='bbox 363 3119 407 3184; x_wconf 81' lang='lat' dir='ltr'>ltt</span> <span class='ocrx_word' id='word_1_267' title='bbox 428 3121 595 3200; x_wconf 86' lang='lat' dir='ltr'>propterea</span> <span class='ocrx_word' id='word_1_268' title='bbox 619 3116 651 3180; x_wconf 94' lang='lat' dir='ltr'>in</span> <span class='ocrx_word' id='word_1_269' title='bbox 667 3115 717 3181; x_wconf 87' lang='lat' dir='ltr'>his</span> <span class='ocrx_word' id='word_1_270' title='bbox 731 3132 859 3197; x_wconf 76' lang='grc'><strong>666666</strong></span> <span class='ocrx_word' id='word_1_271' title='bbox 874 3119 1019 3198; x_wconf 86' lang='lat' dir='ltr'>respectu</span> <span class='ocrx_word' id='word_1_272' title='bbox 1035 3114 1200 3180; x_wconf 73' lang='lat' dir='ltr'>ductuum</span> <span class='ocrx_word' id='word_1_273' title='bbox 1214 3118 1250 3179; x_wconf 87' lang='lat' dir='ltr'>et</span> <span class='ocrx_word' id='word_1_274' title='bbox 1261 3127 1481 3195; x_wconf 82' lang='lat' dir='ltr'>expensarum,</span> <span class='ocrx_word' id='word_1_275' title='bbox 1495 3126 1576 3191; x_wconf 86' lang='lat' dir='ltr'>quae</span> 
     </span>
     <span class='ocr_line' id='line_1_27' title="bbox 199 3218 1573 3309; baseline -0.005 -19"><span class='ocrx_word' id='word_1_276' title='bbox 199 3229 342 3309; x_wconf 87' lang='lat' dir='ltr'>spectant</span> <span class='ocrx_word' id='word_1_277' title='bbox 362 3223 401 3290; x_wconf 88' lang='lat' dir='ltr'>ad</span> <span class='ocrx_word' id='word_1_278' title='bbox 424 3223 589 3289; x_wconf 79' lang='lat' dir='ltr'>haeredem</span> <span class='ocrx_word' id='word_1_279' title='bbox 611 3224 845 3302; x_wconf 88' lang='lat' dir='ltr'>constituentis,</span> <span class='ocrx_word' id='word_1_280' title='bbox 860 3223 1044 3289; x_wconf 89' lang='lat' dir='ltr'>mandatum</span> <span class='ocrx_word' id='word_1_281' title='bbox 1067 3241 1132 3288; x_wconf 92' lang='lat' dir='ltr'>non</span> <span class='ocrx_word' id='word_1_282' title='bbox 1154 3224 1299 3305; x_wconf 89' lang='lat' dir='ltr'>expirat,</span> <span class='ocrx_word' id='word_1_283' title='bbox 1315 3222 1385 3288; x_wconf 86' lang='lat' dir='ltr'>llot.</span> <span class='ocrx_word' id='word_1_284' title='bbox 1407 3238 1472 3285; x_wconf 77' lang='lat' dir='ltr'>ccc.</span> <span class='ocrx_word' id='word_1_285' title='bbox 1496 3218 1573 3286; x_wconf 78' lang='lat' dir='ltr'>Gro-</span> 
     </span>
     <span class='ocr_line' id='line_1_28' title="bbox 200 3329 981 3415; baseline -0.006 -16"><span class='ocrx_word' id='word_1_286' title='bbox 200 3343 292 3400; x_wconf 83' lang='lat' dir='ltr'>seect.</span> <span class='ocrx_word' id='word_1_287' title='bbox 313 3335 402 3399; x_wconf 79' lang='lat' dir='ltr'>decis.</span> <span class='ocrx_word' id='word_1_288' title='bbox 425 3329 500 3410; x_wconf 89' lang='grc'><strong>239,</strong></span> <span class='ocrx_word' id='word_1_289' title='bbox 522 3349 604 3415; x_wconf 79' lang='lat' dir='ltr'>pauc</span> <span class='ocrx_word' id='word_1_290' title='bbox 625 3341 669 3397; x_wconf 84' lang='lat' dir='ltr'>est</span> <span class='ocrx_word' id='word_1_291' title='bbox 693 3329 734 3396; x_wconf 90' lang='grc'>13</span> <span class='ocrx_word' id='word_1_292' title='bbox 758 3331 794 3396; x_wconf 81' lang='lat' dir='ltr'>da</span> <span class='ocrx_word' id='word_1_293' title='bbox 817 3339 981 3413; x_wconf 79' lang='lat' dir='ltr'>procurat.</span> 
     </span>
    </p>

    <p class='ocr_par' dir='ltr' id='par_1_13' title="bbox 196 3430 1575 3942">
     <span class='ocr_line' id='line_1_29' title="bbox 288 3430 1573 3521; baseline -0.008 -13"><span class='ocrx_word' id='word_1_294' title='bbox 288 3440 341 3508; x_wconf 92' lang='grc'><strong>73.</strong></span> <span class='ocrx_word' id='word_1_295' title='bbox 362 3441 526 3509; x_wconf 82' lang='lat' dir='ltr'>Sublimita</span> <span class='ocrx_word' id='word_1_296' title='bbox 547 3440 701 3519; x_wconf 82' lang='lat' dir='ltr'>secundo,</span> <span class='ocrx_word' id='word_1_297' title='bbox 723 3444 761 3504; x_wconf 87' lang='lat' dir='ltr'>ut</span> <span class='ocrx_word' id='word_1_298' title='bbox 783 3455 840 3521; x_wconf 87' lang='lat' dir='ltr'>per</span> <span class='ocrx_word' id='word_1_299' title='bbox 864 3437 983 3505; x_wconf 81' lang='lat' dir='ltr'>Girioc</span> <span class='ocrx_word' id='word_1_300' title='bbox 1006 3447 1143 3502; x_wconf 82' lang='lat' dir='ltr'>controv.</span> <span class='ocrx_word' id='word_1_301' title='bbox 1159 3437 1228 3518; x_wconf 65' lang='grc'><strong>666.</strong></span> <span class='ocrx_word' id='word_1_302' title='bbox 1243 3436 1292 3500; x_wconf 82' lang='lat' dir='ltr'>tc.</span> <span class='ocrx_word' id='word_1_303' title='bbox 1306 3433 1329 3497; x_wconf 92' lang='grc'><strong>2</strong></span> <span class='ocrx_word' id='word_1_304' title='bbox 1344 3443 1516 3500; x_wconf 77' lang='lat' dir='ltr'>controccr.</span> <span class='ocrx_word' id='word_1_305' title='bbox 1530 3430 1573 3498; x_wconf 83' lang='lat'>68</span> 
     </span>
     <span class='ocr_line' id='line_1_30' title="bbox 201 3543 1572 3631; baseline -0.01 -13"><span class='ocrx_word' id='word_1_306' title='bbox 201 3575 232 3618; x_wconf 85' lang='grc'>6</span> <span class='ocrx_word' id='word_1_307' title='bbox 255 3550 292 3629; x_wconf 92' lang='grc'>8,</span> <span class='ocrx_word' id='word_1_308' title='bbox 316 3553 348 3616; x_wconf 93' lang='lat' dir='ltr'>in</span> <span class='ocrx_word' id='word_1_309' title='bbox 372 3550 518 3616; x_wconf 87' lang='lat' dir='ltr'>mandato</span> <span class='ocrx_word' id='word_1_310' title='bbox 542 3548 722 3614; x_wconf 87' lang='lat' dir='ltr'>universalis</span> <span class='ocrx_word' id='word_1_311' title='bbox 743 3547 986 3631; x_wconf 74' lang='lat' dir='ltr'>negociationis,</span> <span class='ocrx_word' id='word_1_312' title='bbox 1009 3545 1095 3628; x_wconf 88' lang='lat' dir='ltr'>quod</span> <span class='ocrx_word' id='word_1_313' title='bbox 1117 3562 1181 3609; x_wconf 92' lang='lat' dir='ltr'>non</span> <span class='ocrx_word' id='word_1_314' title='bbox 1211 3543 1336 3626; x_wconf 83' lang='lat' dir='ltr'>expirat</span> <span class='ocrx_word' id='word_1_315' title='bbox 1359 3546 1462 3608; x_wconf 82' lang='lat' dir='ltr'>morte</span> <span class='ocrx_word' id='word_1_316' title='bbox 1484 3558 1572 3605; x_wconf 89' lang='lat' dir='ltr'>man·</span> 
     </span>
     <span class='ocr_line' id='line_1_31' title="bbox 199 3647 1575 3738; baseline -0.01 -12"><span class='ocrx_word' id='word_1_317' title='bbox 199 3661 322 3737; x_wconf 86' lang='lat' dir='ltr'>dantis,</span> <span class='ocrx_word' id='word_1_318' title='bbox 343 3659 440 3723; x_wconf 88' lang='lat' dir='ltr'>etiam</span> <span class='ocrx_word' id='word_1_319' title='bbox 463 3657 566 3738; x_wconf 87' lang='lat' dir='ltr'>quoad</span> <span class='ocrx_word' id='word_1_320' title='bbox 590 3674 652 3721; x_wconf 90' lang='lat' dir='ltr'>non</span> <span class='ocrx_word' id='word_1_321' title='bbox 683 3659 811 3737; x_wconf 86' lang='lat' dir='ltr'>coepta,</span> <span class='ocrx_word' id='word_1_322' title='bbox 836 3653 924 3719; x_wconf 80' lang='lat' dir='ltr'>Ales.</span> <span class='ocrx_word' id='word_1_323' title='bbox 947 3656 983 3718; x_wconf 83' lang='lat' dir='ltr'>ic</span> <span class='ocrx_word' id='word_1_324' title='bbox 1007 3654 1042 3719; x_wconf 84' lang='lat' dir='ltr'>L.</span> <span class='ocrx_word' id='word_1_325' title='bbox 1065 3670 1154 3718; x_wconf 82' lang='lat' dir='ltr'>more</span> <span class='ocrx_word' id='word_1_326' title='bbox 1184 3652 1346 3733; x_wconf 65' lang='lat' dir='ltr'>mororum</span> <span class='ocrx_word' id='word_1_327' title='bbox 1367 3670 1401 3715; x_wconf 91' lang='grc'>6.</span> <span class='ocrx_word' id='word_1_328' title='bbox 1423 3647 1466 3715; x_wconf 95' lang='grc'>31</span> <span class='ocrx_word' id='word_1_329' title='bbox 1488 3648 1575 3731; x_wconf 76' lang='lat' dir='ltr'>ffdc</span> 
     </span>
     <span class='ocr_line' id='line_1_32' title="bbox 196 3753 1573 3848; baseline -0.009 -17"><span class='ocrx_word' id='word_1_330' title='bbox 196 3766 353 3848; x_wconf 70' lang='lat' dir='ltr'>iurisdtct.</span> <span class='ocrx_word' id='word_1_331' title='bbox 376 3782 462 3828; x_wconf 84' lang='lat' dir='ltr'>cmc.</span> <span class='ocrx_word' id='word_1_332' title='bbox 478 3764 600 3845; x_wconf 77' lang='lat' dir='ltr'>judic,</span> <span class='ocrx_word' id='word_1_333' title='bbox 626 3761 730 3829; x_wconf 75' lang='lat' dir='ltr'>Socim</span> <span class='ocrx_word' id='word_1_334' title='bbox 752 3779 815 3826; x_wconf 79' lang='lat' dir='ltr'>sen.</span> <span class='ocrx_word' id='word_1_335' title='bbox 838 3780 920 3828; x_wconf 81' lang='grc'><strong>6666</strong></span> <span class='ocrx_word' id='word_1_336' title='bbox 946 3760 1009 3825; x_wconf 89' lang='grc'>112</span> <span class='ocrx_word' id='word_1_337' title='bbox 1033 3782 1064 3828; x_wconf 83' lang='lat' dir='ltr'>a.</span> <span class='ocrx_word' id='word_1_338' title='bbox 1089 3757 1131 3824; x_wconf 88' lang='grc'>13</span> <span class='ocrx_word' id='word_1_339' title='bbox 1152 3778 1230 3826; x_wconf 82' lang='lat' dir='ltr'>cers.</span> <span class='ocrx_word' id='word_1_340' title='bbox 1253 3762 1306 3825; x_wconf 81' lang='lat' dir='ltr'>sed</span> <span class='ocrx_word' id='word_1_341' title='bbox 1328 3757 1520 3822; x_wconf 74' lang='lat' dir='ltr'>adnectit</span> <span class='ocrx_word' id='word_1_342' title='bbox 1544 3753 1573 3834; x_wconf 88' lang='lat'>1,</span> 
     </span>
     <span class='ocr_line' id='line_1_33' title="bbox 202 3866 792 3942; baseline -0.012 -1"><span class='ocrx_word' id='word_1_343' title='bbox 202 3876 457 3942; x_wconf 73' lang='grc'><strong>1166666666.</strong></span> <span class='ocrx_word' id='word_1_344' title='bbox 483 3868 546 3936; x_wconf 83' lang='lat'>115</span> <span class='ocrx_word' id='word_1_345' title='bbox 569 3891 601 3936; x_wconf 89' lang='grc'>6.</span> <span class='ocrx_word' id='word_1_346' title='bbox 625 3866 666 3934; x_wconf 91' lang='grc'>11</span> <span class='ocrx_word' id='word_1_347' title='bbox 690 3871 740 3936; x_wconf 85' lang='grc'>66.</span> <span class='ocrx_word' id='word_1_348' title='bbox 764 3867 792 3934; x_wconf 90' lang='grc'><strong>1.</strong></span> 
     </span>
    </p>

    <p class='ocr_par' dir='ltr' id='par_1_14' title="bbox 200 3965 1574 4268">
     <span class='ocr_line' id='line_1_34' title="bbox 289 3965 1572 4062; baseline -0.014 -14"><span class='ocrx_word' id='word_1_349' title='bbox 289 3982 342 4048; x_wconf 79' lang='grc'>76</span> <span class='ocrx_word' id='word_1_350' title='bbox 363 3981 498 4062; x_wconf 84' lang='lat' dir='ltr'>Quando</span> <span class='ocrx_word' id='word_1_351' title='bbox 521 3987 630 4047; x_wconf 72' lang='grc'><strong>66666</strong></span> <span class='ocrx_word' id='word_1_352' title='bbox 653 3997 705 4045; x_wconf 86' lang='lat' dir='ltr'>res</span> <span class='ocrx_word' id='word_1_353' title='bbox 727 3979 850 4045; x_wconf 87' lang='lat' dir='ltr'>dicatur</span> <span class='ocrx_word' id='word_1_354' title='bbox 871 3997 933 4044; x_wconf 94' lang='lat' dir='ltr'>non</span> <span class='ocrx_word' id='word_1_355' title='bbox 957 3980 1099 4062; x_wconf 88' lang='lat' dir='ltr'>integra.</span> <span class='ocrx_word' id='word_1_356' title='bbox 1124 3978 1216 4042; x_wconf 90' lang='lat' dir='ltr'>docet</span> <span class='ocrx_word' id='word_1_357' title='bbox 1232 3976 1331 4042; x_wconf 80' lang='lat' dir='ltr'>liuto.</span> <span class='ocrx_word' id='word_1_358' title='bbox 1352 3974 1381 4037; x_wconf 80' lang='lat' dir='ltr'>d</span> <span class='ocrx_word' id='word_1_359' title='bbox 1403 3987 1486 4036; x_wconf 80' lang='lat' dir='ltr'>cons.</span> <span class='ocrx_word' id='word_1_360' title='bbox 1509 3965 1572 4031; x_wconf 87' lang='grc'>116</span> 
     </span>
     <span class='ocr_line' id='line_1_35' title="bbox 202 4075 1574 4169; baseline -0.014 -11"><span class='ocrx_word' id='word_1_361' title='bbox 202 4114 233 4158; x_wconf 88' lang='grc'>6.</span> <span class='ocrx_word' id='word_1_362' title='bbox 255 4094 276 4157; x_wconf 85' lang='grc'>6</span> <span class='ocrx_word' id='word_1_363' title='bbox 299 4109 374 4158; x_wconf 84' lang='lat' dir='ltr'>cers.</span> <span class='ocrx_word' id='word_1_364' title='bbox 395 4092 547 4169; x_wconf 76' lang='lat' dir='ltr'>secundo,</span> <span class='ocrx_word' id='word_1_365' title='bbox 571 4099 599 4155; x_wconf 94' lang='grc'>6</span> <span class='ocrx_word' id='word_1_366' title='bbox 633 4088 731 4156; x_wconf 79' lang='lat' dir='ltr'>Scrd.</span> <span class='ocrx_word' id='word_1_367' title='bbox 760 4088 789 4152; x_wconf 78' lang='lat' dir='ltr'>d</span> <span class='ocrx_word' id='word_1_368' title='bbox 819 4106 902 4153; x_wconf 78' lang='lat' dir='ltr'>coos</span> <span class='ocrx_word' id='word_1_369' title='bbox 932 4085 976 4152; x_wconf 89' lang='grc'>99</span> <span class='ocrx_word' id='word_1_370' title='bbox 999 4081 1209 4160; x_wconf 78' lang='grc'><strong>61661,</strong></span> <span class='ocrx_word' id='word_1_371' title='bbox 1238 4082 1323 4146; x_wconf 78' lang='lat' dir='ltr'>Ara.</span> <span class='ocrx_word' id='word_1_372' title='bbox 1345 4083 1381 4144; x_wconf 83' lang='lat' dir='ltr'>ic</span> <span class='ocrx_word' id='word_1_373' title='bbox 1402 4075 1426 4165; x_wconf 70' lang='lat' dir='ltr'>S</span> <span class='ocrx_word' id='word_1_374' title='bbox 1448 4076 1574 4141; x_wconf 76' lang='lat' dir='ltr'>itemst</span> 
     </span>
     <span class='ocr_line' id='line_1_36' title="bbox 200 4198 650 4268; baseline -0.009 0"><span class='ocrx_word' id='word_1_375' title='bbox 200 4203 306 4268; x_wconf 81' lang='grc'><strong>66666</strong></span> <span class='ocrx_word' id='word_1_376' title='bbox 327 4203 425 4267; x_wconf 81' lang='lat' dir='ltr'>instit.</span> <span class='ocrx_word' id='word_1_377' title='bbox 446 4201 483 4265; x_wconf 81' lang='lat' dir='ltr'>de</span> <span class='ocrx_word' id='word_1_378' title='bbox 506 4198 650 4265; x_wconf 74' lang='grc'><strong>666666</strong></span> 
     </span>
    </p>

    <p class='ocr_par' dir='ltr' id='par_1_15' title="bbox 201 4294 1574 4699">
     <span class='ocr_line' id='line_1_37' title="bbox 289 4294 1574 4395; baseline -0.013 -18"><span class='ocrx_word' id='word_1_379' title='bbox 289 4310 341 4377; x_wconf 81' lang='grc'>76.</span> <span class='ocrx_word' id='word_1_380' title='bbox 364 4312 399 4377; x_wconf 87' lang='grc'>16</span> <span class='ocrx_word' id='word_1_381' title='bbox 422 4310 584 4395; x_wconf 86' lang='lat' dir='ltr'>proposito</span> <span class='ocrx_word' id='word_1_382' title='bbox 606 4314 714 4375; x_wconf 81' lang='lat' dir='ltr'>cutem</span> <span class='ocrx_word' id='word_1_383' title='bbox 737 4324 787 4374; x_wconf 82' lang='lat' dir='ltr'>res</span> <span class='ocrx_word' id='word_1_384' title='bbox 808 4307 926 4372; x_wconf 89' lang='lat' dir='ltr'>dicitur</span> <span class='ocrx_word' id='word_1_385' title='bbox 949 4323 1012 4370; x_wconf 93' lang='lat' dir='ltr'>non</span> <span class='ocrx_word' id='word_1_386' title='bbox 1036 4305 1177 4388; x_wconf 83' lang='lat' dir='ltr'>integra,</span> <span class='ocrx_word' id='word_1_387' title='bbox 1204 4301 1251 4366; x_wconf 84' lang='lat' dir='ltr'>vel</span> <span class='ocrx_word' id='word_1_388' title='bbox 1264 4298 1389 4381; x_wconf 83' lang='lat' dir='ltr'>quando</span> <span class='ocrx_word' id='word_1_389' title='bbox 1405 4294 1574 4361; x_wconf 80' lang='lat' dir='ltr'>interuenit</span> 
     </span>
     <span class='ocr_line' id='line_1_38' title="bbox 201 4399 1570 4499; baseline -0.011 -13"><span class='ocrx_word' id='word_1_390' title='bbox 201 4438 301 4486; x_wconf 89' lang='lat' dir='ltr'>unum</span> <span class='ocrx_word' id='word_1_391' title='bbox 325 4420 364 4484; x_wconf 91' lang='lat' dir='ltr'>de</span> <span class='ocrx_word' id='word_1_392' title='bbox 387 4418 529 4499; x_wconf 76' lang='lat' dir='ltr'>inques</span> <span class='ocrx_word' id='word_1_393' title='bbox 551 4415 707 4481; x_wconf 83' lang='lat' dir='ltr'>habentur</span> <span class='ocrx_word' id='word_1_394' title='bbox 730 4418 765 4479; x_wconf 81' lang='lat' dir='ltr'>to</span> <span class='ocrx_word' id='word_1_395' title='bbox 789 4413 824 4478; x_wconf 88' lang='lat' dir='ltr'>L.</span> <span class='ocrx_word' id='word_1_396' title='bbox 847 4410 868 4477; x_wconf 91' lang='grc'><strong>3</strong></span> <span class='ocrx_word' id='word_1_397' title='bbox 891 4414 956 4478; x_wconf 86' lang='lat' dir='ltr'>cod.</span> <span class='ocrx_word' id='word_1_398' title='bbox 977 4414 1015 4478; x_wconf 84' lang='lat' dir='ltr'>de</span> <span class='ocrx_word' id='word_1_399' title='bbox 1038 4421 1159 4491; x_wconf 80' lang='grc'><strong>6666,</strong></span> <span class='ocrx_word' id='word_1_400' title='bbox 1181 4414 1220 4475; x_wconf 90' lang='lat' dir='ltr'>ut</span> <span class='ocrx_word' id='word_1_401' title='bbox 1239 4405 1483 4491; x_wconf 60' lang='grc'><strong>6666166666</strong></span> <span class='ocrx_word' id='word_1_402' title='bbox 1500 4401 1535 4465; x_wconf 80' lang='lat' dir='ltr'>L·</span> <span class='ocrx_word' id='word_1_403' title='bbox 1554 4399 1570 4462; x_wconf 88' lang='lat'>1</span> 
     </span>
     <span class='ocr_line' id='line_1_39' title="bbox 203 4509 1572 4608; baseline -0.015 -15"><span class='ocrx_word' id='word_1_404' title='bbox 203 4548 234 4593; x_wconf 91' lang='grc'>6.</span> <span class='ocrx_word' id='word_1_405' title='bbox 257 4525 279 4589; x_wconf 94' lang='grc'><strong>2</strong></span> <span class='ocrx_word' id='word_1_406' title='bbox 300 4528 336 4590; x_wconf 82' lang='lat' dir='ltr'>in</span> <span class='ocrx_word' id='word_1_407' title='bbox 357 4523 379 4587; x_wconf 95' lang='grc'><strong>2</strong></span> <span class='ocrx_word' id='word_1_408' title='bbox 401 4526 546 4604; x_wconf 81' lang='lat' dir='ltr'>optolit,</span> <span class='ocrx_word' id='word_1_409' title='bbox 569 4523 809 4608; x_wconf 72' lang='grc'><strong>6166666666.</strong></span> <span class='ocrx_word' id='word_1_410' title='bbox 835 4521 851 4585; x_wconf 91' lang='lat'>1</span> <span class='ocrx_word' id='word_1_411' title='bbox 876 4540 907 4585; x_wconf 90' lang='grc'>6.</span> <span class='ocrx_word' id='word_1_412' title='bbox 929 4520 951 4586; x_wconf 88' lang='grc'><strong>9</strong></span> <span class='ocrx_word' id='word_1_413' title='bbox 977 4521 1041 4586; x_wconf 87' lang='lat' dir='ltr'>cod.</span> <span class='ocrx_word' id='word_1_414' title='bbox 1063 4522 1101 4585; x_wconf 81' lang='lat' dir='ltr'>de</span> <span class='ocrx_word' id='word_1_415' title='bbox 1132 4520 1248 4584; x_wconf 82' lang='lat' dir='ltr'>action.</span> <span class='ocrx_word' id='word_1_416' title='bbox 1270 4526 1297 4582; x_wconf 88' lang='grc'>6</span> <span class='ocrx_word' id='word_1_417' title='bbox 1321 4515 1463 4596; x_wconf 67' lang='lat' dir='ltr'>attigas,</span> <span class='ocrx_word' id='word_1_418' title='bbox 1494 4509 1572 4575; x_wconf 87' lang='lat' dir='ltr'>dicit</span> 
     </span>
     <span class='ocr_line' id='line_1_40' title="bbox 206 4628 714 4699; baseline -0.004 -1"><span class='ocrx_word' id='word_1_419' title='bbox 206 4633 301 4699; x_wconf 75' lang='lat' dir='ltr'>Burs</span> <span class='ocrx_word' id='word_1_420' title='bbox 324 4653 406 4698; x_wconf 84' lang='lat' dir='ltr'>cons.</span> <span class='ocrx_word' id='word_1_421' title='bbox 426 4630 494 4697; x_wconf 88' lang='grc'>612</span> <span class='ocrx_word' id='word_1_422' title='bbox 516 4654 547 4698; x_wconf 91' lang='grc'>6.</span> <span class='ocrx_word' id='word_1_423' title='bbox 569 4631 591 4697; x_wconf 91' lang='grc'>6</span> <span class='ocrx_word' id='word_1_424' title='bbox 612 4634 662 4699; x_wconf 83' lang='lat' dir='ltr'>tit.</span> <span class='ocrx_word' id='word_1_425' title='bbox 683 4628 714 4697; x_wconf 95' lang='grc'>6.</span> 
     </span>
    </p>
   </div>
   <div class='ocr_carea' id='block_1_5' title="bbox 204 4728 1573 4934">
    <p class='ocr_par' dir='ltr' id='par_1_16' title="bbox 204 4728 1573 4934">
     <span class='ocr_line' id='line_1_41' title="bbox 290 4728 1571 4825; baseline -0.009 -22"><span class='ocrx_word' id='word_1_426' title='bbox 290 4738 343 4804; x_wconf 87' lang='grc'>76.</span> <span class='ocrx_word' id='word_1_427' title='bbox 367 4741 424 4806; x_wconf 83' lang='lat' dir='ltr'>Vel</span> <span class='ocrx_word' id='word_1_428' title='bbox 445 4743 570 4823; x_wconf 76' lang='grc'><strong>666666</strong></span> <span class='ocrx_word' id='word_1_429' title='bbox 593 4747 796 4825; x_wconf 86' lang='lat' dir='ltr'>procurator,</span> <span class='ocrx_word' id='word_1_430' title='bbox 819 4744 888 4807; x_wconf 81' lang='lat' dir='ltr'>vivo</span> <span class='ocrx_word' id='word_1_431' title='bbox 912 4741 1088 4817; x_wconf 86' lang='lat' dir='ltr'>mandante,</span> <span class='ocrx_word' id='word_1_432' title='bbox 1109 4738 1172 4806; x_wconf 90' lang='lat' dir='ltr'>luit</span> <span class='ocrx_word' id='word_1_433' title='bbox 1193 4739 1279 4803; x_wconf 88' lang='lat' dir='ltr'>litern</span> <span class='ocrx_word' id='word_1_434' title='bbox 1304 4735 1513 4808; x_wconf 75' lang='lat' dir='ltr'>contestatam,</span> <span class='ocrx_word' id='word_1_435' title='bbox 1536 4728 1571 4792; x_wconf 83' lang='lat' dir='ltr'><strong><em>L</em></strong></span> 
     </span>
     <span class='ocr_line' id='line_1_42' title="bbox 204 4833 1573 4934; baseline -0.012 -19"><span class='ocrx_word' id='word_1_436' title='bbox 204 4853 232 4915; x_wconf 82' lang='lat' dir='ltr'>st</span> <span class='ocrx_word' id='word_1_437' title='bbox 254 4851 438 4933; x_wconf 71' lang='lat' dir='ltr'>defendas,</span> <span class='ocrx_word' id='word_1_438' title='bbox 463 4851 497 4917; x_wconf 83' lang='lat' dir='ltr'>L.</span> <span class='ocrx_word' id='word_1_439' title='bbox 518 4861 587 4934; x_wconf 87' lang='lat' dir='ltr'>post</span> <span class='ocrx_word' id='word_1_440' title='bbox 611 4851 699 4917; x_wconf 77' lang='lat' dir='ltr'>litem</span> <span class='ocrx_word' id='word_1_441' title='bbox 720 4852 752 4934; x_wconf 75' lang='lat' dir='ltr'><em>ff</em></span> <span class='ocrx_word' id='word_1_442' title='bbox 770 4850 806 4917; x_wconf 84' lang='lat' dir='ltr'>de</span> <span class='ocrx_word' id='word_1_443' title='bbox 824 4859 990 4934; x_wconf 72' lang='lat' dir='ltr'>procurat.</span> <span class='ocrx_word' id='word_1_444' title='bbox 1021 4847 1118 4915; x_wconf 79' lang='lat' dir='ltr'>Glom</span> <span class='ocrx_word' id='word_1_445' title='bbox 1147 4848 1182 4912; x_wconf 84' lang='lat' dir='ltr'>in</span> <span class='ocrx_word' id='word_1_446' title='bbox 1205 4845 1241 4910; x_wconf 83' lang='lat' dir='ltr'>L.</span> <span class='ocrx_word' id='word_1_447' title='bbox 1264 4852 1292 4908; x_wconf 88' lang='grc'>6</span> <span class='ocrx_word' id='word_1_448' title='bbox 1315 4833 1573 4926; x_wconf 61' lang='grc'><strong>661666666-</strong></span> 
     </span>
    </p>
   </div>
   <div class='ocr_carea' id='block_1_6' title="bbox 0 0 1878 5750">
    <p class='ocr_par' dir='ltr' id='par_1_17' title="bbox 0 0 1878 5750">
     <span class='ocr_line' id='line_1_43' title="bbox 0 0 1878 5750; baseline 0 0"><span class='ocrx_word' id='word_1_449' title='bbox 0 0 1878 5750; x_wconf 95' lang='lat' dir='ltr'> </span> 
     </span>
    </p>
   </div>
  </div>
 </body>
</html>
