3734 5750
518 419 574 487 DE
596 410 978 487 Pnocaataoatalts
1000 421 1087 488 CAP.
1111 421 1213 487 XXX.

255 593 307 659 29.
330 589 506 657 Dummodo
528 596 646 668 aqatur
667 586 704 649 ac
724 586 843 649 modico
864 583 1068 666 praejudicio.

257 702 307 767 30.
331 698 557 767 Praesumitur
577 694 766 759 mandatum
788 696 822 755 in
841 708 977 773 persana
991 708 1071 773 quae
1085 692 1174 770 occsa
1189 700 1294 755 actum
1319 699 1479 773 tamquam

384 814 593 887 procurator,
615 806 643 866 si
664 803 704 865 sit
723 803 796 865 tuiis
817 817 963 882 proquo
984 806 1217 879 praesumatur.

255 911 306 978 31.
331 915 397 978 Pro
418 915 517 994 ieqato
537 912 762 991 praesumitur.

255 1020 306 1086 32.
331 1022 557 1085 Praesumitur
579 1020 672 1082 etiam
702 1016 891 1080 mandatum
921 1018 958 1080 in
981 1025 1056 1078 actu
1078 1016 1120 1077 aa
1140 1034 1232 1098 quem
1254 1017 1480 1097 eapiicanaum

387 1146 479 1190 nemo
498 1125 705 1190 mrisimiiiter
726 1124 881 1188 accederet
902 1124 1016 1205 aisque
1038 1124 1197 1187 mandato.
1270 1128 1272 1135 “

258 1234 309 1301 33.
332 1237 374 1300 Et
397 1237 495 1299 muita
515 1236 615 1314 maqis
634 1235 906 1315 praemuntur,
929 1231 1082 1312 sisuiesct
1097 1231 1306 1294 enunciatunt
1321 1233 1357 1294 in
1372 1232 1480 1312 atquo

386 1345 604 1405 instrumenta.

258 1448 307 1515 33.
330 1450 518 1513 Monaesum
539 1467 660 1530 quoque
689 1451 909 1529 praesumitur
941 1448 1068 1529 quando
1100 1457 1166 1511 erat
1197 1450 1409 1512 necessarium
1440 1451 1482 1511 aa

383 1564 509 1633 mium,
529 1557 585 1637 qui
606 1555 780 1635 puciatur.

256 1660 305 1727 35.
327 1661 371 1726 Ac
393 1663 490 1726 etiam
508 1664 729 1743 praesumitur
751 1664 787 1726 in
810 1672 885 1728 actu
906 1666 992 1746 sacto
1015 1665 1055 1727 ab
1076 1660 1193 1727 asserto
1205 1673 1432 1745 procuratore,
1447 1667 1481 1728 in

384 1788 447 1853 quo
468 1770 558 1832 uitro
579 1770 821 1834 diuturnitatem
843 1773 1007 1853 temporis,
1023 1779 1143 1834 constat
1165 1771 1262 1833 ctiam
1284 1770 1482 1834 interuenisse

388 1877 552 1941 scientiam
575 1886 602 1940 et
619 1862 809 1958 patientiam
831 1879 953 1942 domini
970 1870 1170 1960 principalis.

253 1980 306 2046 36.
332 1984 401 2061 Oui
423 1985 514 2062 erait,
535 1984 582 2046 ret
602 1985 665 2048 aiio
687 1986 778 2049 tituto
799 1989 961 2068 acquisivit
983 2005 1049 2051 rem
1071 1976 1111 2050 ab
1133 1986 1259 2069 aliquo,
1275 1995 1480 2068 tamquama

385 2098 590 2171 procuratore
611 2093 676 2155 aeri
697 2093 783 2158 itlius
805 2095 851 2157 rei
871 2095 1008 2173 domini,
1031 2103 1068 2158 ut
1089 2095 1177 2158 eiiam
1204 2096 1301 2174 possit
1322 2096 1480 2174 praeseri-

389 2197 473 2277 icrc‚·
495 2199 605 2280 sufficit
623 2214 681 2279 per
703 2201 899 2278 conjecturas
926 2202 1062 2282 procare
1092 2203 1306 2283 acquirentem
1337 2203 1479 2267 tamtus

383 2304 662 2385 justam‘causam
685 2306 829 2371 credendi
849 2310 947 2390 fuisse
967 2309 1356 2389 procuratoremaomini.

254 2407 308 2473 37.
333 2411 554 2476 Praesumitur
573 2413 696 2494 pariter
710 2414 917 2491 mandatum,
932 2417 959 2478 si
974 2416 1060 2479 uitra
1076 2418 1222 2496 temporis
1236 2417 1477 2483 diuturnitatem

386 2529 581 2584 concurrant
602 2521 712 2601 atiquo
735 2521 931 2585 adminicula
956 2532 982 2586 et
1004 2518 1209 2601 conjecturae.

253 2622 307 2688 38.
329 2624 395 2689 Aut
417 2627 445 2688 si
465 2626 654 2689 mandatum
675 2620 864 2692 enuncietur
885 2632 919 2693 in
942 2632 1151 2693 instrumenta
1174 2630 1314 2710 antiquo.

254 2733 307 2799 39.
329 2733 521 2814 Huiusmodi
540 2735 722 2797 enunciatio
743 2748 809 2797 non
830 2736 909 2818 saut
928 2736 1061 2816 plenam
1080 2734 1305 2816 probationem.

255 2836 310 2904 30.
333 2840 484 2919 mamus
503 2842 558 2925 flat
579 2858 600 2904 o
623 2843 747 2905 notario
769 2843 805 2905 in
827 2844 913 2908 actis.

1483 420 1557 509 us

257 2946 310 3012 31.
332 2949 460 3015 Inducit
477 2951 768 3031 praesumptionem
790 2950 937 3015 manaan
958 2952 995 3016 ab
1016 2952 1164 3031 temporis
1186 2950 1435 3014 diuturnitatem.
1486 2967 1488 2970 ·

259 3051 311 3120 tu
333 3057 474 3122 Maximo
495 3061 523 3122 si
545 3060 726 3122 enunciatio
747 3059 846 3140 fucrit
867 3060 957 3140 sacto
987 3059 1070 3120 inter
1099 3073 1149 3120 eos
1178 3057 1236 3138 qui
1265 3054 1481 3118 consentiendo

387 3165 537 3230 dederunt
568 3182 699 3229 caueam
730 3167 957 3242 instrumento,
980 3174 1008 3228 et
1029 3166 1164 3246 fuerunt
1186 3164 1272 3227 iilius
1294 3162 1481 3245 confectioni

386 3283 572 3354 praesentes,

196 3409 199 3416 ·
256 3378 309 3445 33.
333 3379 580 3464 Mandatumque
603 3383 647 3447 ad
669 3399 717 3446 cos
736 3383 901 3463 pertineat.

258 3484 311 3551 33.
333 3488 434 3553 Multo
456 3492 556 3571 maqis
579 3492 606 3554 si
627 3493 875 3556 instrumentum
889 3489 970 3552 ittua
983 3490 1083 3571 suerit
1094 3488 1286 3567 productum
1301 3486 1336 3549 in
1346 3485 1480 3565 marcio,

389 3607 417 3662 et
437 3618 502 3663 non
523 3601 624 3682 fuerit
645 3600 822 3681 oppositum
844 3598 880 3661 tie
900 3590 1022 3679 defectu
1043 3596 1188 3658 manaan
1211 3596 1246 3657 in
1261 3610 1295 3656 eo
1309 3592 1479 3655 enunciari.

260 3702 312 3769 35.
340 3704 390 3768 Vei
410 3707 438 3769 si
458 3709 637 3770 enunciatio
658 3708 714 3789 piat
734 3707 770 3768 in
792 3707 947 3769 eontentio
967 3720 1048 3786 quae
1071 3705 1219 3767 transivit
1238 3703 1274 3764 in
1291 3700 1479 3779 judicatum.

259 3806 312 3874 to.
333 3810 397 3876 Aut
419 3829 527 3876 earam
546 3815 688 3894 personis
709 3813 797 3876 eatae
821 3813 931 3893 aiqnis.

256 3913 310 3981 37.
341 3919 390 3982 Vei
411 3937 432 3982 a
451 3937 588 4001 persana
610 3920 697 3984 vaide
718 3920 823 4000 eiiqna.

256 4019 311 4087 38.
343 4026 392 4089 Vei
412 4029 440 4090 si
461 4030 641 4092 enunciatio
661 4029 716 4110 fiat
738 4035 877 4107 respectu
899 4034 1006 4104 actus,
1028 4045 1119 4108 quem
1141 4029 1208 4089 sinc
1230 4024 1381 4087 enanaato
1404 4020 1482 4101 quis

385 4135 598 4208 ‚mmsimiiiter
620 4152 685 4196 non
706 4135 818 4216 luisset
840 4132 1063 4214 explicaturus.

256 4234 311 4303 39.
338 4240 535 4319 Procederct,
556 4242 583 4304 si
603 4242 646 4305 aa
666 4242 758 4304 ilium
779 4249 905 4314 actum,
927 4242 1069 4321 qeacraie
1090 4240 1298 4311 mancatum,
1321 4254 1387 4299 non
1409 4253 1480 4299 uero

390 4348 519 4429 spectate
541 4350 761 4431 requireretur,

256 4449 310 4514 50.
335 4452 378 4516 Et
399 4458 581 4520 enunciatio
601 4458 636 4520 in
658 4459 774 4540 specie,
797 4476 862 4521 non
885 4467 989 4522 autem
1012 4459 1198 4539 qeneratiter
1219 4463 1292 4519 esset
1313 4456 1420 4536 sacta:

256 4554 310 4619 51.
334 4557 377 4622 Et
398 4561 550 4640 effluxum
572 4571 645 4625 essct
666 4563 788 4644 tempas
809 4574 934 4628 centurn
958 4581 1128 4629 annorum

255 4661 309 4728 33.
335 4666 415 4744 Quis
435 4670 485 4731 uti
501 4678 693 4748 procurator
712 4672 815 4752 oiqare
837 4672 927 4735 taurii
950 4673 1008 4735 tati
1029 4671 1068 4733 ab
1090 4670 1217 4734 arbitris
1238 4689 1333 4752 super
1355 4673 1478 4752 opposi-

389 4776 470 4838 tione
498 4778 721 4854 teminorum,
747 4781 896 4843 tenuimus
926 4794 1088 4858 apponens
1109 4779 1146 4842 ob
1174 4769 1333 4862 temporis
1349 4780 1477 4845 diutur-

388 4882 520 4946 nitatem
540 4889 756 4964 praesumitur
777 4887 917 4951 aniame
940 4885 1135 4951 mandatum.

1309 4991 1349 5055 19
