3734 5750
544 398 1123 474 montibusmontibus).
1152 408 1261 489 Lll„
1411 445 1416 457 ·
1499 411 1576 477 261·

687 672 921 743 curuo·
971 675 1066 744 m.

346 894 404 965 DE
425 893 635 965 ossuum)
656 893 716 960 Ab
738 894 972 963 PONENDUM
994 898 1049 964 ΕΤ
1071 898 1415 969 RESPONDENDUM

389 1034 396 1039 ·
733 1001 1027 1073 POSITIONIBUS.

714 1236 1041 1287 summittunt

284 1438 313 1506 t.
337 1440 509 1505 Positiones
528 1438 610 1520 bunt
630 1446 667 1501 ut
691 1452 733 1502 cu
747 1436 1000 1520 responsionibus
1015 1439 1190 1503 adversarii
1204 1458 1327 1523 ponens
1342 1441 1498 1505 rcieoetur

391 1546 432 1611 ab
452 1562 548 1610 onere
568 1545 734 1627 probandi.

281 1652 313 1719 2.
336 1655 533 1720 Procurator
555 1668 600 1717 on
622 1652 764 1717 adbiberi
780 1655 879 1737 possit
902 1664 969 1719 tam
990 1655 1034 1719 ad
1054 1652 1238 1736 ponendum
1262 1672 1362 1739 quam
1383 1658 1427 1722 ad
1449 1674 1499 1721 re·

395 1762 614 1844 spondendum
631 1762 849 1844 positionibus

284 1867 315 1936 3.
340 1871 514 1936 Positioncs
533 1886 592 1951 per
608 1879 851 1950 procuratorem
874 1871 1028 1939 emtbuce
1046 1874 1271 1953 procuratorio
1286 1875 1413 1938 nomine
1431 1891 1499 1937 non

393 1979 502 2044 debent
522 1977 648 2043 admitti
669 1980 732 2044 nisi
754 1982 818 2061 ipse
840 1978 953 2044 babeat
974 1980 1166 2045 mandatum
1195 1981 1238 2044 ad
1259 1982 1303 2045 sic
1326 1989 1354 2046 et
1375 1981 1421 2046 sic
1438 1999 1499 2062 po-

397 2089 549 2152 nendum.

285 2189 315 2260 b.
338 2193 497 2260 Artieuios
515 2195 694 2277 producens
723 2210 790 2258 non
821 2205 965 2261 censetur
994 2198 1092 2278 soteri
1121 2212 1204 2280 quae
1232 2198 1268 2261 in
1289 2198 1368 2280 ipsis
1395 2197 1496 2261 emti·

394 2311 524 2367 nentur.

286 2413 315 2479 tt.
338 2413 468 2478 Ponens
487 2422 595 2477 tomen
617 2415 717 2496 fateri
738 2423 890 2479 censetur.

285 2518 315 2586 b.
340 2521 544 2586 Praedictum
565 2537 749 2602 cupressum
780 2523 972 2587 mandatum
994 2523 1039 2587 od
1057 2524 1241 2604 portentum
1264 2525 1443 2606 requiritur
1460 2524 1499 2588 ab

394 2628 578 2694 evitandum
595 2629 837 2711 praejudicium
858 2631 1051 2697 mandantin

285 2738 315 2805 7.
340 2739 409 2807 Non
445 2748 520 2804 essct
557 2749 664 2803 tamen
702 2742 917 2804 necessarium
954 2741 997 2803 ad
1034 2740 1243 2805 eubibendum
1280 2739 1435 2803 attinctus
1473 2749 1501 2803 et

396 2848 547 2930 capituin

284 2955 316 3026 8.
341 2958 539 3022 Procurator
559 2958 674 3022 bcbem
696 2958 850 3039 mfficicns
872 2957 1063 3021 mandatum
1084 2957 1128 3021 ad
1145 2959 1330 3040 ponendum
1343 2967 1441 3039 potest
1457 2958 1502 3035 ad

396 3065 579 3130 Moersario
593 3067 669 3146 copi,
685 3066 779 3129 etiam
801 3065 901 3129 mcdeo
908 3065 1105 3146 juramento
1126 3066 1170 3129 ad
1192 3064 1421 3129 declarandum
1435 3080 1499 3127 csse

397 3191 472 3238 oera
495 3183 643 3238 contemtu
665 3174 702 3236 in
722 3173 938 3254 positionibus.

287 3282 318 3347 9.
342 3280 444 3366 Neque
463 3289 563 3365 potest
583 3281 759 3345 aduersarii
779 3281 986 3362 positionibus
1007 3281 1211 3362 respondere,
1228 3280 1291 3343 nist
1286 3277 1417 3342 babeat
1433 3292 1501 3358 spc-

398 3390 477 3455 cicie
498 3390 689 3454 mandatum
711 3388 754 3452 ad
775 3390 822 3453 sic
842 3399 870 3455 ct
892 3391 937 3453 sic
959 3389 1220 3471 respondendum

270 3494 320 3561 10.
342 3496 544 3580 Respondebo
562 3496 771 3578 positionibus
792 3497 876 3562 dsbct
896 3506 1065 3578 proestare
1081 3496 1306 3578 juramentum
1327 3497 1475 3560 veritatis.

269 3601 319 3670 11.
345 3605 437 3683 Quod
463 3614 660 3687 procurator
694 3622 821 3669 moncrc
858 3605 962 3670 debeat
999 3624 1095 3670 suum
1128 3605 1342 3686 principalem
1372 3614 1409 3668 ut
1438 3606 1502 3685 ipse

400 3721 566 3795 tamquam
589 3712 703 3778 metius
726 3714 926 3796 informatus
950 3716 1055 3779 uniat
1077 3715 1121 3778 ad
1144 3713 1395 3795 respondendum
1416 3711 1502 3793 posi·

399 3820 545 3886 tionibus.

273 3917 321 3992 tu
346 3927 544 3993 Procurator
564 3930 721 3993 diceretur
743 3928 855 3994 babere
876 3931 1030 4013 sufficiens
1052 3933 1243 3996 mandatum
1259 3932 1286 3994 si
1300 3931 1412 4012 fuisset
1425 3944 1502 3991 eon-

400 4037 531 4100 stitutus
552 4037 595 4099 ad
617 4037 787 4101 uidendum
808 4037 867 4101 sibi
887 4038 961 4101 dari
974 4039 1192 4122 quodcumque
1206 4057 1304 4120 penus
1313 4036 1501 4117 iuramenti

271 4136 321 4206 13.
350 4139 403 4205 Vei
421 4143 466 4210 od
483 4143 718 4224 praestandum
739 4146 938 4221 calumniae,
962 4156 990 4212 et
1013 4147 1152 4228 cuiusuis
1181 4147 1302 4227 pencris
1330 4146 1453 4210 ticitum
1473 4152 1503 4208 et

399 4252 564 4317 boncnum
582 4251 807 4334 juramentum
834 4256 870 4317 in
900 4256 1046 4319 animm
1077 4256 1179 4336 ipsius
1209 4252 1442 4329 condduentis,
1463 4268 1503 4313 ac

400 4362 495 4426 ctiam
518 4361 561 4424 ad
581 4361 778 4426 subeundum
799 4361 1018 4444 quodcumque
1034 4362 1260 4442 juramentum
1282 4359 1341 4424 sibi
1361 4357 1510 4422 oblatum.

270 4461 319 4532 bb.
346 4467 438 4545 Quod
455 4483 514 4548 por
542 4468 720 4550 praedictos
751 4469 914 4534 usuum
942 4469 1089 4534 rideatur
1119 4486 1186 4533 non
1215 4484 1306 4550 possc
1334 4467 1409 4532 dori
1427 4467 1501 4531 tatis

270 4783 320 4850 15.
346 4783 466 4869 Sufficit
496 4731 580 4871 quod
608 4794 675 4873 ipse
701 4793 788 4874 juret
810 4810 842 4856 se
870 4808 1100 4875 responsurum
1128 4806 1224 4874 prout
1254 4801 1413 4862 veritatem
1439 4812 1502 4859 csse

402 4898 571 4964 brbfflm'b.
1310 4953 1312 4956 .
