3734 5750
543 370 599 438 DE
622 370 1109 444 tumultuosissime.
1133 380 1204 445 xti.
1254 448 1257 453 ,

283 535 312 600 6.
335 536 508 617 Li'initatiii·
528 537 688 601 conclusio
707 554 807 619 supra
827 540 956 621 firmata
978 559 1009 604 ii.
1033 538 1061 604 3.

284 641 314 707 6.
338 643 485 710 Sindicus
506 644 594 707 habet
615 645 802 710 mandatum
824 664 898 710 cum
919 647 1015 711 libera
1028 649 1313 729 administratione,
1338 658 1481 734 quamms

390 755 425 816 in
447 755 655 817 instrumento
676 753 848 817 iiiidimtus
869 754 925 818 iioc
947 772 1013 818 non
1035 757 1075 819 sit
1096 774 1286 837 repressum.

280 858 313 922 7.
342 859 534 924 Mandatum
569 879 641 924 euni
671 860 767 926 tidera
802 862 1073 929 administratione
1109 866 1294 947 aequipoitet
1331 866 1481 929 mandato

390 969 527 1050 ipieiaii.

283 1072 314 1139 8.
339 1074 735 1142 Sindicieumcinieantur
748 1077 1062 1142 incrementorum
1076 1098 1148 1144 eum
1162 1079 1259 1144 litera
1275 1079 1480 1143 administra-

390 1185 472 1247 tione
488 1192 620 1263 possunt
638 1184 797 1264 evpiicare
810 1201 848 1249 io
861 1202 943 1266 puae
957 1189 1125 1268 requirunt
1140 1189 1327 1253 naiidatiim
1341 1187 1477 1268 speciale.

284 1288 314 1353 9.
337 1289 431 1355 Serus
447 1290 586 1371 procidit
608 1292 642 1354 iii
663 1291 782 1355 iiidice
801 1292 940 1373 aiicujus
964 1295 1094 1373 capituti
1113 1295 1161 1358 vei
1182 1296 1310 1375 codiaii',
1330 1296 1385 1375 qui
1403 1312 1480 1375 pro·

384 1407 492 1479 pterea
514 1417 580 1462 non
601 1407 743 1464 censetur
763 1400 874 1465 icini
893 1402 1081 1481 facudatem
1101 1403 1304 1482 transiendi

260 1504 311 1569 16.
335 1503 453 1572 Sindiei
471 1508 714 1571 universitatum
731 1515 864 1587 pariunt
886 1509 1133 1589 compromittere
1146 1518 1262 1577 causas
1275 1524 1388 1573 vorum
1403 1511 1477 1571 uni·

389 1617 550 1680 versitatis.
1191 1656 1192 1659 η

258 1718 471 1786 inrisioni
494 1725 667 1804 transipere
687 1740 781 1804 super
801 1736 836 1787 re
856 1723 959 1787 dubia

258 1827 310 1892 11
334 1828 480 1895 sindicus
502 1832 586 1894 eirea
604 1830 771 1910 jndiciaiio
792 1830 880 1895 natet
908 1831 1035 1910 pieriam
1064 1830 1388 1955 amministrationem,
1411 1839 1477 1895 iani

387 1938 486 2000 active
506 1954 603 2018 quam
620 1938 752 2017 passive.
1345 1976 1347 1983 >

258 2037 310 2105 13.
332 2042 477 2105 Etiam
463 2061 499 2106 iii
520 2047 624 2108 causis
644 2046 869 2111 criminatiius

257 2147 309 2214 1t.
334 2149 521 2215 Universi‘tas
542 2169 623 2234 quae
644 2170 710 2216 non
731 2153 818 2218 iavet
841 2161 937 2233 vaput
959 2168 1223 2275 nuperorum,
1245 2173 1313 2219 nori
1328 2156 1455 2237 potest
1442 2174 1477 2218 in

389 2274 527 2337 persona
547 2260 705 2322 damnari

257 2362 310 2427 16.
332 2365 377 2429 In
399 2367 504 2430 causis
525 2366 767 2433 universitatum
787 2366 868 2430 dedet
890 2368 982 2430 citari
1003 2369 1197 2433 sindicus.

256 2472 308 2539 16.
331 2473 503 2540 Citatioiies
524 2482 553 2537 ct
575 2475 788 2537 intimationei
807 2476 914 2555 factae
936 2474 1055 2538 andire
1075 2476 1213 2556 afficiunt
1233 2476 1476 2551 universitatem

258 2581 310 2646 17.
331 2580 496 2645 intimatio
516 2582 607 2662 (aeta
629 2580 791 2660 apininici
812 2581 934 2645 relevat

256 2687 306 2754 18
332 2686 480 2755 sindicus
498 2695 597 2768 potest
617 2704 798 2767 comparere
819 2689 948 2750 nornine
969 2704 1046 2751 suae
1061 2658 1275 2755 universitatis
1288 2697 1355 2753 tam
1370 2704 1478 2753 eoram

380 2795 486 2877 Μία
515 2794 731 2871 eminentie,
760 2809 857 2877 quani
886 2795 1023 2858 emulari
1047 2813 1110 2876 pro
1140 2796 1352 2879 eonnqiieiido
1382 2796 1479 2876 tepatv

383 2908 470 2988 {aeto
487 2921 550 2985 pro
572 2902 780 2966 emistrueiida
802 2903 849 2965 vei
871 2902 1018 2982 ornanda
1041 2901 1190 2966 Ecclesia

262 3009 311 3076 19.
333 3013 436 3077 Potest
452 3010 567 3092 jurari
588 3010 624 3073 de
646 3010 816 3073 caiiminia
831 3009 1094 3091 abquc'ipiviaii
1114 3010 1275 3076 mandata.

257 3119 309 3184 20.
333 3117 482 3185 sindicus
500 3119 713 3183 universitatis
738 3126 839 3198 potvit
865 3126 971 3197 petere
997 3118 1224 3182 riititutianerii
1254 3117 1289 3179 iii
1319 3116 1477 3198 inteprusii

382 3244 444 3307 pro
465 3243 526 3290 sua
548 3225 767 3301 universitati,
788 3241 874 3288 sicui
894 3240 966 3287 vero
988 3224 1126 3288 sindicus
1140 3224 1272 3304 eapuidi
1289 3222 1336 3288 oei
1355 3222 1477 3303 mtiepii

254 3334 306 3399 11.
328 3335 423 3401 stain
445 3334 638 3415 disparitatis
657 3332 806 3396 redditur.

255 3442 308 3509 11
332 3442 479 3508 Sindimii
501 3452 537 3506 ut
555 3444 653 3536 possit
675 3448 778 3521 petere
806 3440 1032 3504 restitutionem
1055 3440 1089 3502 in
1111 3440 1284 3519 inteprum,
1312 3399 1394 3501 dedet
1415 3451 1476 3499 esse

385 3558 509 3614 creatus
530 3549 574 3613 ad
595 3548 828 3611 universitatem
850 3563 1145 3611 causarum,

256 3656 308 3722 is
331 3656 481 3722 Sindicus
499 3656 622 3720 ratione
638 3652 832 3735 pmejiviieii
853 3654 936 3736 prod
949 3654 1137 3726 universitas
1149 3661 1249 3734 posin
1264 3653 1393 3731 sintne,
1408 3669 1473 3720 iion

382 3771 482 3846 potiit
503 3762 685 3843 respondere
701 3761 909 3842 pontiam
929 3762 1110 3844 moerenti

255 3868 307 3935 ii.
329 3870 401 3937 Nori
417 3878 516 3952 potest
538 3869 664 3933 adicere
686 3869 824 3933 erimina
837 3878 949 3934 contra
964 3869 1122 3950 efflatis,
1137 3870 1201 3933 iiiii
1214 3870 1250 3942 in
1267 3868 1475 3932 instrumento

385 3976 557 4040 vindicatus
578 3975 654 4039 data
676 3974 723 4038 iiii
742 3976 843 4056 luent
870 3976 1052 4056 iujvnnpdi
1079 3976 1235 4058 fatuitas,
1257 3994 1330 4040 crim
1350 3991 1476 4055 inpres-

383 4083 470 4148 nant
492 4099 664 4165 personae,
686 4089 798 4146 vonna
825 4099 922 4163 ouum
953 4084 1091 4147 crimina
1119 4091 1194 4150 tunt
1223 4081 1413 4154 obiicienda,
1436 4095 1474 4142 ae

385 4191 480 4254 etiam
502 4189 644 4253 criininii
665 4188 751 4270 anai
768 4188 858 4254 obiici
878 4189 1005 4256 ditet.

1501 385 1542 450 57

253 4295 305 4362 16.
327 4296 430 4382 Neque
446 4304 545 4379 potiit
567 4296 747 4362 niitraiere
767 4314 863 4361 iiiam
883 4298 1118 4366 universitatem
1127 4255 1154 4363 o
1168 4297 1352 4377 niijerti‘oiie
1375 4295 1474 4360 unius
1504 4249 1509 4258 ι

383 4404 521 4479 damini,
545 4412 573 4468 et
592 4405 682 4470 iiiam
705 4404 852 4469 iiiiiicem
867 4404 1067 4485 jurisditioni
1087 4409 1228 4478 atterius.

254 4505 306 4573 16.
329 4508 389 4576 Nes
410 4513 516 4593 {avire
536 4526 573 4574 ta
594 4527 633 4574 tn
653 4510 765 4593 aedui
786 4513 975 4582 universitas
993 4523 1094 4594 posset
1116 4514 1152 4577 in
1176 4529 1313 4593 posnani
1332 4512 1473 4578 invidere.

254 4615 306 4681 17.
328 4617 388 4686 Nec
407 4626 505 4700 potest
526 4633 557 4683 ie
578 4619 837 4688 intromitterem
858 4622 1020 4690 riurvatis
1041 4619 1242 4700 principi
1350 4667 1391 4698 .,.
1425 4691 1430 4700 ,

254 4719 306 4788 its
321 4725 475 4807 Priiietpi
495 4733 652 4792 reservata
674 4743 850 4810 nomnen
868 4740 927 4808 per
947 4728 1123 4807 pennum
1149 4728 1372 4806 concionem
1398 4741 1470 4787 een-

386 4841 495 4900 ieiitiir
516 4850 667 4900 concessit
814 4879 816 4884 .
858 4847 861 4854 ·
1397 4897 1400 4908 .

1222 4941 1248 5020 ‚⁸
1294 4934 1316 4999 8
