3734 5750
599 425 652 490 DE
677 418 1061 489 Puocunnwntsstts.
1084 422 1173 487 CAP.
1198 423 1236 485 11.

741 702 977 774 CAPUT
1026 701 1086 767 11.

296 922 510 1001 ortuum,
533 924 589 994 DE
610 924 698 1006 QUO
721 924 897 1004 Antron,
919 925 1084 992 spectus
1106 922 1219 1002 QUOT
1242 922 1348 999 SINT,
1372 922 1425 989 ΕΤ
1447 922 1534 1000 QUO

520 1032 680 1101 ORDINE
703 1032 767 1099 SIT
791 1035 847 1099 DE
870 1032 1058 1100 SlNGULlS
1080 1032 1300 1099 AGENDUM.

749 1264 1076 1316 SUMMAMUM

317 1471 342 1536 1.
366 1468 518 1536 Materiae
542 1470 748 1533 continuatio.

312 1578 341 1642 2.
366 1580 564 1643 Procurator
586 1578 715 1658 quando
738 1577 864 1640 dicatur
886 1578 996 1641 nabere
1018 1576 1210 1642 mandatum
1232 1594 1252 1642 a
1280 1580 1374 1659 Lupe,

310 1684 340 1751 3.
363 1684 407 1752 Et
428 1688 556 1770 quando
579 1686 619 1750 ad
641 1688 774 1750 tramine.

309 1791 339 1859 1.
363 1792 390 1858 Α
412 1794 525 1877 quidus
549 1797 771 1859 constituatur.

309 1905 337 1967 5.
363 1903 400 1968 Si
426 1904 640 1967 constituatur
671 1902 710 1966 ai
741 1902 959 1978 Universitate‚
992 1906 1120 1986 quando
1153 1902 1315 1978 sindicus,
1347 1915 1405 1967 aut
1437 1902 1531 1965 Actor

420 2015 555 2077 dicatur.

308 2116 338 2184 d.
363 2119 510 2185 Sindicus
532 2130 560 2184 et
582 2120 677 2184 Actor
700 2123 736 2183 in
754 2121 830 2201 jure
850 2124 1030 2203 prorniscue
1052 2132 1265 2203 usurpantur.

308 2224 340 2294 7.
363 2229 390 2292 Α
411 2230 662 2310 particularibus
683 2233 825 2310 personis
848 2232 890 2294 od
912 2232 988 2312 quid
1011 2233 1223 2295 constituatur
1249 2231 1455 2297 Procurator.

308 2339 338 2403 8.
363 2338 557 2418 Hujusrnodi
580 2338 777 2400 Procurator
799 2340 1001 2402 constituitur
1030 2340 1076 2401 uet
1106 2356 1179 2401 eune
1211 2324 1526 2419 personantium

418 2446 546 2526 speciali
568 2440 734 2507 Mandata.

306 2551 337 2616 9.
358 2550 520 2616 Generalis
543 2548 779 2615 administratio
794 2553 919 2615 concedi
929 2561 1028 2632 potest
1047 2555 1270 2630 Procuratori,
1287 2572 1353 2617 non
1368 2555 1471 2617 satum
1486 2554 1529 2615 ad

417 2654 483 2722 titos
507 2659 689 2732 constituto,
714 2661 766 2721 sed
795 2662 890 2723 etiane
919 2660 964 2722 ad
994 2664 1119 2741 nepoeia
1149 2672 1240 2725 satra
1267 2662 1426 2741 iudicium
1453 2677 1526 2740 pcr-

416 2767 598 2832 tractanda.

286 2873 335 2942 ta.
361 2877 464 2941 Potest
486 2877 580 2940 etiam
602 2877 728 2956 utre’cpue
743 2876 868 2939 concedi
880 2877 1023 2958 tantiae
1037 2880 1175 2942 limitato
1190 2878 1234 2940 ad
1249 2885 1368 2940 autom
1382 2889 1526 2946 causam,

415 2985 463 3048 cei
484 2984 528 3047 ad
549 2991 669 3047 certum
692 2984 864 3062 nepaciunt.

289 3091 337 3156 11.
362 3092 466 3156 Tertia
488 3094 600 3173 species
621 3091 782 3166 mandati,
807 3093 919 3157 sedicet
941 3097 1114 3176 sinuatoris
1137 3115 1191 3160 seu
1214 3095 1377 3160 individui

286 3197 336 3265 tn.
361 3201 524 3280 Quomodo
546 3203 608 3265 ista
630 3200 786 3263 mandata
811 3203 893 3266 inter
915 3221 946 3267 se
969 3204 1126 3287 differant.

285 3308 335 3376 13.
358 3307 445 3376 Haec
467 3307 641 3393 differentia
665 3311 746 3373 soter
767 3311 959 3376 mandatum
981 3315 1112 3394 speciale
1127 3323 1154 3376 et
1170 3312 1370 3377 individuum
1383 3310 1526 3372 rciiaitur

416 3437 437 3483 a
461 3419 535 3486 BD.

286 3525 335 3593 tt.
359 3527 533 3611 Utrumque
556 3527 747 3592 mandatum
768 3531 803 3592 in
825 3531 882 3593 hae
904 3539 1046 3595 tractatu
1066 3534 1244 3613 momiuue
1265 3536 1455 3609 usurpatur.

286 3638 335 3702 15.
358 3636 553 3702 Mandatum
574 3638 715 3717 penerote
739 3647 766 3701 et
789 3641 920 3718 speciata
942 3642 977 3703 in
998 3660 1060 3723 pua
1082 3642 1270 3703 conveniant
1292 3639 1376 3699 inter
1399 3651 1437 3696 se.

287 3741 336 3808 16.
358 3739 552 3809 Mandatum
574 3744 657 3825 quod
669 3741 701 3827 pit
717 3763 739 3808 a
750 3748 1001 3826 particularitas
1014 3750 1171 3829 personis,
1188 3755 1245 3810 aut
1261 3755 1304 3810 cst
1326 3755 1522 3823 cupressum,

417 3859 476 3915 aut
499 3852 648 3924 tacitum,
670 3860 728 3915 aut
748 3866 1003 3936 praesumptum.

286 3959 334 4024 17.
358 3959 444 4024 oreo
466 3963 502 4023 in
523 3959 612 4023 dietis
633 3962 764 4041 sinpuiis
785 3964 933 4028 mandati
963 3967 1116 4046 speciebus
1147 3966 1394 4047 pertractandis,
1419 3971 1446 4024 et
1468 3961 1525 4022 uti

415 4074 533 4147 opatur
548 4065 592 4130 *de
618 4067 831 4134 Procuratore
854 4071 898 4135 ad
918 4075 993 4139 lites

285 4170 335 4235 18.
359 4173 415 4237 titt
435 4175 471 4238 de
496 4175 710 4240 Procuratare
733 4180 776 4242 ad
798 4184 934 4261 nepooio.

285 4272 334 4341 19.
359 4279 414 4344 tut
435 4281 472 4346 de
496 4279 711 4348 Procuratorc
731 4294 798 4350 tarn
819 4287 863 4351 ad
884 4291 951 4355 lites
972 4309 1070 4375 quam
1093 4295 1136 4357 ad
1156 4297 1293 4375 nepoaia.

281 4383 332 4450 20.
358 4388 413 4452 etos
434 4390 471 4454 de
492 4391 592 4456 modis
612 4394 725 4474 quidus
750 4395 977 4463 Procuratoris
997 4403 1133 4484 officium
1154 4405 1273 4485 finitur.

306 4711 333 4776 1.
359 4625 527 4784 Vidimus
548 4722 580 4785 in
604 4722 756 4806 superlori
788 4729 889 4810 capite
920 4730 996 4811 quid
1028 4732 1069 4796 sit
1101 4730 1286 4796 Mandatum
1319 4731 1357 4797 de
1389 4752 1452 4813 quo
1483 4733 1586 4796 acturi

214 4837 337 4898 sumus,
360 4828 513 4904 eiquoco
536 4831 716 4912 inventam
736 4837 882 4916 sequitur
905 4844 943 4904 ut
963 4845 1042 4919 quot
1065 4840 1125 4905 sint
1144 4840 1229 4905 iltius
1251 4843 1365 4925 species
1393 4841 1586 4924 aperiamus,

213 4934 246 4991 et
268 4947 332 5008 quo
353 4933 462 4999 ordine
485 4937 524 5000 dc
546 4940 674 5022 singuiis
694 4944 736 5007 sit
757 4945 913 5026 agendum
938 4945 1138 5014 deetaremus,
