<?xml version="1.0" encoding="UTF-8"?>
<!DOCTYPE html PUBLIC "-//W3C//DTD XHTML 1.0 Transitional//EN"
    "http://www.w3.org/TR/xhtml1/DTD/xhtml1-transitional.dtd">
<html xmlns="http://www.w3.org/1999/xhtml" xml:lang="en" lang="en">
 <head>
  <title>
</title>
<meta http-equiv="Content-Type" content="text/html;charset=utf-8" />
  <meta name='ocr-system' content='tesseract 3.04.00' />
  <meta name='ocr-capabilities' content='ocr_page ocr_carea ocr_par ocr_line ocrx_word'/>
</head>
<body>
  <div class='ocr_page' id='page_1' title='image "./tractatusdeproc00cencgoog_0138.png"; bbox 0 0 3734 5750; ppageno 0'>
   <div class='ocr_carea' id='block_1_1' title="bbox 170 328 1227 435">
    <p class='ocr_par' dir='ltr' id='par_1_1' title="bbox 170 328 1227 435">
     <span class='ocr_line' id='line_1_1' title="bbox 170 328 1227 435; baseline -0.006 -15"><span class='ocrx_word' id='word_1_1' title='bbox 170 420 176 435; x_wconf 81' lang='grc'>,</span> <span class='ocrx_word' id='word_1_2' title='bbox 305 354 365 419; x_wconf 83' lang='lat' dir='ltr'><strong>mo</strong></span> <span class='ocrx_word' id='word_1_3' title='bbox 722 328 919 418; x_wconf 83' lang='lat' dir='ltr'><strong>uduovrcr</strong></span> <span class='ocrx_word' id='word_1_4' title='bbox 941 348 1061 417; x_wconf 80' lang='lat' dir='ltr'><strong>curua</strong></span> <span class='ocrx_word' id='word_1_5' title='bbox 1083 347 1227 418; x_wconf 70' lang='lat' dir='ltr'><strong>rader.</strong></span> 
     </span>
    </p>
   </div>
   <div class='ocr_carea' id='block_1_2' title="bbox 295 510 1673 4597">
    <p class='ocr_par' dir='ltr' id='par_1_2' title="bbox 299 510 1673 1143">
     <span class='ocr_line' id='line_1_2' title="bbox 301 510 1673 600; baseline -0.003 -15"><span class='ocrx_word' id='word_1_6' title='bbox 301 521 410 585; x_wconf 89' lang='lat' dir='ltr'><strong>datum</strong></span> <span class='ocrx_word' id='word_1_7' title='bbox 441 517 594 600; x_wconf 72' lang='lat' dir='ltr'>placuerit</span> <span class='ocrx_word' id='word_1_8' title='bbox 625 516 794 584; x_wconf 69' lang='lat' dir='ltr'><strong>cardinali</strong></span> <span class='ocrx_word' id='word_1_9' title='bbox 825 518 1001 583; x_wconf 68' lang='grc'><strong>66666666·</strong></span> <span class='ocrx_word' id='word_1_10' title='bbox 1030 517 1209 582; x_wconf 80' lang='lat' dir='ltr'><strong>Zcborettce</strong></span> <span class='ocrx_word' id='word_1_11' title='bbox 1240 521 1274 581; x_wconf 82' lang='lat' dir='ltr'><strong>ic</strong></span> <span class='ocrx_word' id='word_1_12' title='bbox 1303 518 1501 585; x_wconf 75' lang='grc'><strong>66166666.</strong></span> <span class='ocrx_word' id='word_1_13' title='bbox 1525 514 1542 582; x_wconf 94' lang='grc'><strong>1</strong></span> <span class='ocrx_word' id='word_1_14' title='bbox 1572 521 1609 584; x_wconf 75' lang='lat' dir='ltr'><strong>ic</strong></span> <span class='ocrx_word' id='word_1_15' title='bbox 1641 510 1673 581; x_wconf 79' lang='lat'><strong>3</strong></span> 
     </span>
     <span class='ocr_line' id='line_1_3' title="bbox 300 622 1670 708; baseline 0.001 -19"><span class='ocrx_word' id='word_1_16' title='bbox 300 627 449 708; x_wconf 72' lang='lat' dir='ltr'><strong>opponit,</strong></span> <span class='ocrx_word' id='word_1_17' title='bbox 473 643 567 706; x_wconf 90' lang='lat' dir='ltr'><strong>quem</strong></span> <span class='ocrx_word' id='word_1_18' title='bbox 588 631 719 708; x_wconf 76' lang='lat' dir='ltr'><strong>sequuta</strong></span> <span class='ocrx_word' id='word_1_19' title='bbox 741 626 802 693; x_wconf 86' lang='lat' dir='ltr'><strong>luit</strong></span> <span class='ocrx_word' id='word_1_20' title='bbox 825 625 893 692; x_wconf 78' lang='lat' dir='ltr'><strong>Ru.</strong></span> <span class='ocrx_word' id='word_1_21' title='bbox 916 625 1054 691; x_wconf 74' lang='grc'><strong>666666.</strong></span> <span class='ocrx_word' id='word_1_22' title='bbox 1075 626 1132 690; x_wconf 76' lang='lat' dir='ltr'><strong>ciii</strong></span> <span class='ocrx_word' id='word_1_23' title='bbox 1153 622 1317 691; x_wconf 76' lang='grc' dir='ltr'><strong>66666ιί6</strong></span> <span class='ocrx_word' id='word_1_24' title='bbox 1337 628 1426 693; x_wconf 80' lang='lat' dir='ltr'><strong>decio</strong></span> <span class='ocrx_word' id='word_1_25' title='bbox 1440 624 1485 692; x_wconf 71' lang='lat'><strong>28</strong></span> <span class='ocrx_word' id='word_1_26' title='bbox 1499 646 1531 693; x_wconf 82' lang='grc' dir='ltr'><strong>ιι</strong></span> <span class='ocrx_word' id='word_1_27' title='bbox 1546 626 1601 708; x_wconf 66' lang='lat' dir='ltr'><strong>it,</strong></span> <span class='ocrx_word' id='word_1_28' title='bbox 1627 637 1670 692; x_wconf 78' lang='lat' dir='ltr'><strong>et</strong></span> 
     </span>
     <span class='ocr_line' id='line_1_4' title="bbox 310 729 1671 818; baseline 0.001 -21"><span class='ocrx_word' id='word_1_29' title='bbox 310 733 402 803; x_wconf 69' lang='lat' dir='ltr'><strong>teor.</strong></span> <span class='ocrx_word' id='word_1_30' title='bbox 423 735 459 797; x_wconf 85' lang='lat' dir='ltr'><strong>io</strong></span> <span class='ocrx_word' id='word_1_31' title='bbox 479 751 573 816; x_wconf 76' lang='lat' dir='ltr'><strong>prom</strong></span> <span class='ocrx_word' id='word_1_32' title='bbox 596 729 1299 816; x_wconf 72' lang='grc' dir='ltr'><strong>616666.66ν.16.66666666666.ι’6</strong></span> <span class='ocrx_word' id='word_1_33' title='bbox 1322 743 1469 798; x_wconf 67' lang='lat' dir='ltr'><strong>mum:</strong></span> <span class='ocrx_word' id='word_1_34' title='bbox 1490 735 1671 818; x_wconf 73' lang='lat' dir='ltr'><strong>subijciens</strong></span> 
     </span>
     <span class='ocr_line' id='line_1_5' title="bbox 301 841 1667 925; baseline -0.002 -19"><span class='ocrx_word' id='word_1_35' title='bbox 301 845 465 925; x_wconf 86' lang='lat' dir='ltr'><strong>propterea</strong></span> <span class='ocrx_word' id='word_1_36' title='bbox 488 843 688 922; x_wconf 89' lang='lat' dir='ltr'><strong>quodetiam</strong></span> <span class='ocrx_word' id='word_1_37' title='bbox 712 842 840 906; x_wconf 90' lang='lat' dir='ltr'><strong>minime</strong></span> <span class='ocrx_word' id='word_1_38' title='bbox 860 841 992 907; x_wconf 77' lang='lat' dir='ltr'><strong>resultat</strong></span> <span class='ocrx_word' id='word_1_39' title='bbox 1014 841 1183 923; x_wconf 81' lang='lat' dir='ltr'><strong>acceptatio</strong></span> <span class='ocrx_word' id='word_1_40' title='bbox 1206 841 1342 909; x_wconf 85' lang='lat' dir='ltr'><strong>mandati</strong></span> <span class='ocrx_word' id='word_1_41' title='bbox 1364 857 1405 905; x_wconf 88' lang='lat' dir='ltr'><strong>ex</strong></span> <span class='ocrx_word' id='word_1_42' title='bbox 1427 841 1600 924; x_wconf 72' lang='lat' dir='ltr'><strong>praesentia</strong></span> <span class='ocrx_word' id='word_1_43' title='bbox 1622 843 1667 903; x_wconf 87' lang='lat' dir='ltr'><strong>et</strong></span> 
     </span>
     <span class='ocr_line' id='line_1_6' title="bbox 299 943 1664 1031; baseline -0.004 -16"><span class='ocrx_word' id='word_1_44' title='bbox 299 969 360 1016; x_wconf 92' lang='lat' dir='ltr'><strong>nou</strong></span> <span class='ocrx_word' id='word_1_45' title='bbox 382 951 617 1031; x_wconf 78' lang='lat' dir='ltr'><strong>reclamatione,</strong></span> <span class='ocrx_word' id='word_1_46' title='bbox 646 950 769 1031; x_wconf 90' lang='lat' dir='ltr'><strong>quando</strong></span> <span class='ocrx_word' id='word_1_47' title='bbox 791 951 932 1015; x_wconf 81' lang='lat' dir='ltr'><strong>notarius</strong></span> <span class='ocrx_word' id='word_1_48' title='bbox 961 949 1083 1015; x_wconf 81' lang='lat' dir='ltr'><strong>conticit</strong></span> <span class='ocrx_word' id='word_1_49' title='bbox 1105 950 1347 1015; x_wconf 77' lang='lat' dir='ltr'><strong>instrumentum</strong></span> <span class='ocrx_word' id='word_1_50' title='bbox 1368 943 1505 1012; x_wconf 88' lang='lat' dir='ltr'><strong>mandati</strong></span> <span class='ocrx_word' id='word_1_51' title='bbox 1532 948 1565 1010; x_wconf 89' lang='lat' dir='ltr'><strong>in</strong></span> <span class='ocrx_word' id='word_1_52' title='bbox 1585 945 1664 1028; x_wconf 71' lang='lat' dir='ltr'><strong>eius</strong></span> 
     </span>
     <span class='ocr_line' id='line_1_7' title="bbox 301 1055 1507 1143; baseline -0.002 -21"><span class='ocrx_word' id='word_1_53' title='bbox 301 1074 463 1141; x_wconf 77' lang='lat' dir='ltr'><strong>personam</strong></span> <span class='ocrx_word' id='word_1_54' title='bbox 486 1076 541 1141; x_wconf 93' lang='lat' dir='ltr'><strong>per</strong></span> <span class='ocrx_word' id='word_1_55' title='bbox 566 1059 638 1124; x_wconf 74' lang='lat' dir='ltr'><strong>Teu.</strong></span> <span class='ocrx_word' id='word_1_56' title='bbox 659 1062 695 1122; x_wconf 85' lang='lat' dir='ltr'><strong>iu</strong></span> <span class='ocrx_word' id='word_1_57' title='bbox 717 1059 745 1123; x_wconf 84' lang='lat' dir='ltr'><strong>d.</strong></span> <span class='ocrx_word' id='word_1_58' title='bbox 768 1058 804 1123; x_wconf 90' lang='lat' dir='ltr'><strong>L.</strong></span> <span class='ocrx_word' id='word_1_59' title='bbox 825 1059 1052 1142; x_wconf 69' lang='lat' dir='ltr'><strong>filiusfamilias</strong></span> <span class='ocrx_word' id='word_1_60' title='bbox 1073 1055 1096 1143; x_wconf 72' lang='lat' dir='ltr'>S</span> <span class='ocrx_word' id='word_1_61' title='bbox 1118 1059 1237 1122; x_wconf 76' lang='lat' dir='ltr'><strong>incitus</strong></span> <span class='ocrx_word' id='word_1_62' title='bbox 1257 1056 1339 1138; x_wconf 74' lang='lat' dir='ltr'><strong>ffde</strong></span> <span class='ocrx_word' id='word_1_63' title='bbox 1358 1072 1507 1138; x_wconf 69' lang='lat' dir='ltr'><strong>procem:</strong></span> 
     </span>
    </p>

    <p class='ocr_par' dir='ltr' id='par_1_3' title="bbox 296 1158 1657 2108">
     <span class='ocr_line' id='line_1_8' title="bbox 390 1158 1657 1249; baseline 0.001 -22"><span class='ocrx_word' id='word_1_64' title='bbox 390 1161 442 1227; x_wconf 78' lang='lat'><strong>26.</strong></span> <span class='ocrx_word' id='word_1_65' title='bbox 464 1165 532 1249; x_wconf 76' lang='lat' dir='ltr'><strong>Ego</strong></span> <span class='ocrx_word' id='word_1_66' title='bbox 557 1171 659 1231; x_wconf 90' lang='lat' dir='ltr'><strong>tamen</strong></span> <span class='ocrx_word' id='word_1_67' title='bbox 689 1167 882 1248; x_wconf 84' lang='lat' dir='ltr'><strong>superiorem</strong></span> <span class='ocrx_word' id='word_1_68' title='bbox 904 1158 947 1232; x_wconf 87' lang='lat' dir='ltr'><strong>et</strong></span> <span class='ocrx_word' id='word_1_69' title='bbox 965 1166 1180 1231; x_wconf 78' lang='lat' dir='ltr'><strong>affirmativam</strong></span> <span class='ocrx_word' id='word_1_70' title='bbox 1201 1166 1385 1230; x_wconf 79' lang='lat' dir='ltr'><strong>sententium</strong></span> <span class='ocrx_word' id='word_1_71' title='bbox 1414 1165 1566 1229; x_wconf 83' lang='lat' dir='ltr'><strong>rariorem</strong></span> <span class='ocrx_word' id='word_1_72' title='bbox 1587 1180 1657 1229; x_wconf 78' lang='lat' dir='ltr'><strong>eme</strong></span> 
     </span>
     <span class='ocr_line' id='line_1_9' title="bbox 301 1271 1655 1356; baseline -0.001 -20"><span class='ocrx_word' id='word_1_73' title='bbox 301 1272 465 1351; x_wconf 76' lang='lat' dir='ltr'><strong>existimo,</strong></span> <span class='ocrx_word' id='word_1_74' title='bbox 489 1277 556 1339; x_wconf 90' lang='lat' dir='ltr'><strong>tum</strong></span> <span class='ocrx_word' id='word_1_75' title='bbox 579 1290 635 1356; x_wconf 85' lang='lat' dir='ltr'><strong>per</strong></span> <span class='ocrx_word' id='word_1_76' title='bbox 661 1274 733 1338; x_wconf 73' lang='lat' dir='ltr'><strong>Teu.</strong></span> <span class='ocrx_word' id='word_1_77' title='bbox 748 1276 786 1338; x_wconf 81' lang='lat' dir='ltr'><strong>ic</strong></span> <span class='ocrx_word' id='word_1_78' title='bbox 799 1276 828 1338; x_wconf 91' lang='grc'><strong>6.</strong></span> <span class='ocrx_word' id='word_1_79' title='bbox 846 1272 941 1340; x_wconf 71' lang='lat' dir='ltr'><strong>Cleon</strong></span> <span class='ocrx_word' id='word_1_80' title='bbox 957 1273 974 1337; x_wconf 94' lang='lat'>1</span> <span class='ocrx_word' id='word_1_81' title='bbox 990 1275 1222 1356; x_wconf 70' lang='lat' dir='ltr'><strong>deprecarent,</strong></span> <span class='ocrx_word' id='word_1_82' title='bbox 1237 1274 1293 1355; x_wconf 90' lang='lat' dir='ltr'><strong>qui</strong></span> <span class='ocrx_word' id='word_1_83' title='bbox 1308 1272 1347 1338; x_wconf 89' lang='lat' dir='ltr'><strong>ed</strong></span> <span class='ocrx_word' id='word_1_84' title='bbox 1369 1272 1429 1337; x_wconf 84' lang='lat' dir='ltr'><strong>lroc</strong></span> <span class='ocrx_word' id='word_1_85' title='bbox 1450 1271 1574 1337; x_wconf 85' lang='lat' dir='ltr'><strong>videtur</strong></span> <span class='ocrx_word' id='word_1_86' title='bbox 1594 1289 1655 1336; x_wconf 82' lang='lat' dir='ltr'><strong>ex-</strong></span> 
     </span>
     <span class='ocr_line' id='line_1_10' title="bbox 296 1380 1653 1463; baseline 0.002 -19"><span class='ocrx_word' id='word_1_87' title='bbox 296 1394 442 1461; x_wconf 79' lang='lat' dir='ltr'><strong>precam,</strong></span> <span class='ocrx_word' id='word_1_88' title='bbox 464 1385 533 1445; x_wconf 90' lang='lat' dir='ltr'><strong>tum</strong></span> <span class='ocrx_word' id='word_1_89' title='bbox 555 1382 594 1446; x_wconf 90' lang='lat' dir='ltr'><strong>ob</strong></span> <span class='ocrx_word' id='word_1_90' title='bbox 617 1399 785 1447; x_wconf 90' lang='lat' dir='ltr'><strong>numerum</strong></span> <span class='ocrx_word' id='word_1_91' title='bbox 808 1380 1081 1447; x_wconf 76' lang='lat' dir='ltr'><strong>etauctoritatem</strong></span> <span class='ocrx_word' id='word_1_92' title='bbox 1104 1381 1171 1449; x_wconf 80' lang='lat' dir='ltr'><strong>llll.</strong></span> <span class='ocrx_word' id='word_1_93' title='bbox 1201 1383 1258 1463; x_wconf 87' lang='lat' dir='ltr'><strong>qui</strong></span> <span class='ocrx_word' id='word_1_94' title='bbox 1272 1404 1274 1413; x_wconf 41' lang='lat' dir='ltr'><em>s</em></span> <span class='ocrx_word' id='word_1_95' title='bbox 1287 1381 1371 1446; x_wconf 87' lang='lat' dir='ltr'><strong>rllam</strong></span> <span class='ocrx_word' id='word_1_96' title='bbox 1401 1382 1545 1460; x_wconf 81' lang='lat' dir='ltr'><strong>firment,</strong></span> <span class='ocrx_word' id='word_1_97' title='bbox 1576 1382 1653 1447; x_wconf 87' lang='lat' dir='ltr'><strong>adeo</strong></span> 
     </span>
     <span class='ocr_line' id='line_1_11' title="bbox 302 1476 1653 1572; baseline 0.001 -21"><span class='ocrx_word' id='word_1_98' title='bbox 302 1491 340 1553; x_wconf 89' lang='lat' dir='ltr'><strong>ut</strong></span> <span class='ocrx_word' id='word_1_99' title='bbox 361 1506 422 1553; x_wconf 92' lang='lat' dir='ltr'><strong>uon</strong></span> <span class='ocrx_word' id='word_1_100' title='bbox 444 1490 540 1572; x_wconf 81' lang='lat' dir='ltr'><strong>puerit</strong></span> <span class='ocrx_word' id='word_1_101' title='bbox 562 1490 594 1554; x_wconf 93' lang='lat' dir='ltr'><strong>in</strong></span> <span class='ocrx_word' id='word_1_102' title='bbox 616 1490 747 1556; x_wconf 82' lang='lat' dir='ltr'><strong>dubium</strong></span> <span class='ocrx_word' id='word_1_103' title='bbox 771 1492 926 1569; x_wconf 79' lang='lat' dir='ltr'><strong>remeari,</strong></span> <span class='ocrx_word' id='word_1_104' title='bbox 947 1490 1023 1572; x_wconf 87' lang='lat' dir='ltr'><strong>quin</strong></span> <span class='ocrx_word' id='word_1_105' title='bbox 1045 1490 1086 1554; x_wconf 80' lang='lat' dir='ltr'><strong>rit</strong></span> <span class='ocrx_word' id='word_1_106' title='bbox 1106 1476 1316 1555; x_wconf 85' lang='lat' dir='ltr'><strong>communiter</strong></span> <span class='ocrx_word' id='word_1_107' title='bbox 1329 1492 1468 1571; x_wconf 80' lang='lat' dir='ltr'><strong>recepta3</strong></span> <span class='ocrx_word' id='word_1_108' title='bbox 1488 1506 1559 1552; x_wconf 86' lang='lat' dir='ltr'><strong>nam</strong></span> <span class='ocrx_word' id='word_1_109' title='bbox 1582 1491 1653 1570; x_wconf 82' lang='lat' dir='ltr'><strong>port</strong></span> 
     </span>
     <span class='ocr_line' id='line_1_12' title="bbox 301 1594 1652 1682; baseline 0.001 -24"><span class='ocrx_word' id='word_1_110' title='bbox 301 1595 465 1663; x_wconf 85' lang='lat' dir='ltr'><strong>litemrum</strong></span> <span class='ocrx_word' id='word_1_111' title='bbox 487 1598 534 1661; x_wconf 86' lang='lat' dir='ltr'><strong>rel</strong></span> <span class='ocrx_word' id='word_1_112' title='bbox 555 1598 756 1662; x_wconf 71' lang='lat' dir='ltr'><strong>instrumenti</strong></span> <span class='ocrx_word' id='word_1_113' title='bbox 776 1596 913 1662; x_wconf 86' lang='lat' dir='ltr'><strong>mandati</strong></span> <span class='ocrx_word' id='word_1_114' title='bbox 933 1594 1157 1682; x_wconf 87' lang='lat' dir='ltr'><strong>receptionem,</strong></span> <span class='ocrx_word' id='word_1_115' title='bbox 1178 1599 1202 1662; x_wconf 84' lang='lat' dir='ltr'><strong>si</strong></span> <span class='ocrx_word' id='word_1_116' title='bbox 1217 1601 1403 1680; x_wconf 78' lang='lat' dir='ltr'><strong>procuretur</strong></span> <span class='ocrx_word' id='word_1_117' title='bbox 1416 1614 1478 1661; x_wconf 90' lang='lat' dir='ltr'><strong>nou</strong></span> <span class='ocrx_word' id='word_1_118' title='bbox 1493 1597 1652 1661; x_wconf 88' lang='lat' dir='ltr'><strong>contradi·</strong></span> 
     </span>
     <span class='ocr_line' id='line_1_13' title="bbox 301 1698 1651 1788; baseline 0.004 -24"><span class='ocrx_word' id='word_1_119' title='bbox 301 1705 371 1780; x_wconf 83' lang='lat' dir='ltr'><strong>cat,</strong></span> <span class='ocrx_word' id='word_1_120' title='bbox 393 1703 518 1768; x_wconf 88' lang='lat' dir='ltr'><strong>videtur</strong></span> <span class='ocrx_word' id='word_1_121' title='bbox 539 1721 631 1769; x_wconf 85' lang='lat' dir='ltr'><strong>auum</strong></span> <span class='ocrx_word' id='word_1_122' title='bbox 653 1721 833 1769; x_wconf 79' lang='lat' dir='ltr'><strong>consensum</strong></span> <span class='ocrx_word' id='word_1_123' title='bbox 848 1706 1059 1771; x_wconf 85' lang='lat' dir='ltr'><strong>accomodasse</strong></span> <span class='ocrx_word' id='word_1_124' title='bbox 1081 1710 1119 1770; x_wconf 92' lang='lat' dir='ltr'><strong>ut</strong></span> <span class='ocrx_word' id='word_1_125' title='bbox 1132 1706 1243 1770; x_wconf 82' lang='lat' dir='ltr'><strong>dicum</strong></span> <span class='ocrx_word' id='word_1_126' title='bbox 1263 1698 1394 1788; x_wconf 88' lang='lat' dir='ltr'><strong>praelati</strong></span> <span class='ocrx_word' id='word_1_127' title='bbox 1408 1704 1476 1772; x_wconf 79' lang='lat' dir='ltr'><strong>ltu.</strong></span> <span class='ocrx_word' id='word_1_128' title='bbox 1496 1707 1551 1786; x_wconf 91' lang='lat' dir='ltr'><strong>qui</strong></span> <span class='ocrx_word' id='word_1_129' title='bbox 1572 1704 1651 1769; x_wconf 84' lang='lat' dir='ltr'><strong>hanc</strong></span> 
     </span>
     <span class='ocr_line' id='line_1_14' title="bbox 302 1809 1650 1896; baseline 0.004 -25"><span class='ocrx_word' id='word_1_130' title='bbox 302 1809 486 1875; x_wconf 81' lang='lat' dir='ltr'><strong>uenientium</strong></span> <span class='ocrx_word' id='word_1_131' title='bbox 507 1816 582 1876; x_wconf 82' lang='lat' dir='ltr'><strong>eunt</strong></span> <span class='ocrx_word' id='word_1_132' title='bbox 601 1811 756 1894; x_wconf 79' lang='lat' dir='ltr'><strong>amplexi,</strong></span> <span class='ocrx_word' id='word_1_133' title='bbox 784 1816 817 1876; x_wconf 89' lang='lat' dir='ltr'><strong>et</strong></span> <span class='ocrx_word' id='word_1_134' title='bbox 837 1829 894 1876; x_wconf 84' lang='lat' dir='ltr'><strong>nou</strong></span> <span class='ocrx_word' id='word_1_135' title='bbox 922 1813 984 1877; x_wconf 84' lang='lat' dir='ltr'><strong>late</strong></span> <span class='ocrx_word' id='word_1_136' title='bbox 1005 1814 1272 1895; x_wconf 76' lang='lat' dir='ltr'><strong>comprobavimus</strong></span> <span class='ocrx_word' id='word_1_137' title='bbox 1300 1830 1393 1896; x_wconf 76' lang='lat' dir='ltr'><strong>supra</strong></span> <span class='ocrx_word' id='word_1_138' title='bbox 1416 1832 1485 1896; x_wconf 81' lang='lat' dir='ltr'><strong>cup.</strong></span> <span class='ocrx_word' id='word_1_139' title='bbox 1511 1812 1650 1890; x_wconf 80' lang='lat' dir='ltr'><em>XVIII,</em></span> 
     </span>
     <span class='ocr_line' id='line_1_15' title="bbox 302 1910 1650 2004; baseline 0.008 -29"><span class='ocrx_word' id='word_1_140' title='bbox 302 1910 471 1981; x_wconf 93' lang='lat' dir='ltr'><strong>dummodo</strong></span> <span class='ocrx_word' id='word_1_141' title='bbox 493 1916 594 1982; x_wconf 89' lang='lat' dir='ltr'><strong>dictae</strong></span> <span class='ocrx_word' id='word_1_142' title='bbox 615 1917 724 1984; x_wconf 83' lang='lat' dir='ltr'><strong>literae</strong></span> <span class='ocrx_word' id='word_1_143' title='bbox 753 1918 927 1984; x_wconf 78' lang='lat' dir='ltr'><strong>mundantis</strong></span> <span class='ocrx_word' id='word_1_144' title='bbox 950 1919 1081 1985; x_wconf 84' lang='lat' dir='ltr'><strong>habeant</strong></span> <span class='ocrx_word' id='word_1_145' title='bbox 1109 1920 1273 2002; x_wconf 83' lang='lat' dir='ltr'><strong>qualitates</strong></span> <span class='ocrx_word' id='word_1_146' title='bbox 1293 1940 1371 2004; x_wconf 85' lang='lat' dir='ltr'><strong>quas</strong></span> <span class='ocrx_word' id='word_1_147' title='bbox 1393 1923 1424 1986; x_wconf 92' lang='lat' dir='ltr'><strong>iu</strong></span> <span class='ocrx_word' id='word_1_148' title='bbox 1454 1922 1512 1988; x_wconf 79' lang='lat' dir='ltr'><strong>illie</strong></span> <span class='ocrx_word' id='word_1_149' title='bbox 1532 1924 1650 2004; x_wconf 87' lang='lat' dir='ltr'><strong>requiri</strong></span> 
     </span>
     <span class='ocr_line' id='line_1_16' title="bbox 301 2023 647 2108; baseline 0.017 -22"><span class='ocrx_word' id='word_1_150' title='bbox 301 2023 441 2089; x_wconf 71' lang='lat' dir='ltr'><strong>diximus</strong></span> <span class='ocrx_word' id='word_1_151' title='bbox 460 2042 528 2108; x_wconf 84' lang='lat' dir='ltr'><strong>cop.</strong></span> <span class='ocrx_word' id='word_1_152' title='bbox 553 2026 647 2092; x_wconf 68' lang='lat' dir='ltr'><strong>XIX</strong></span> 
     </span>
    </p>

    <p class='ocr_par' dir='ltr' id='par_1_4' title="bbox 302 2129 1651 2417">
     <span class='ocr_line' id='line_1_17' title="bbox 391 2129 1650 2222; baseline 0.006 -28"><span class='ocrx_word' id='word_1_153' title='bbox 391 2129 441 2196; x_wconf 71' lang='lat'><strong>27.</strong></span> <span class='ocrx_word' id='word_1_154' title='bbox 462 2131 549 2212; x_wconf 81' lang='lat' dir='ltr'><strong>Quae</strong></span> <span class='ocrx_word' id='word_1_155' title='bbox 571 2135 675 2217; x_wconf 91' lang='lat' dir='ltr'><strong>opinio</strong></span> <span class='ocrx_word' id='word_1_156' title='bbox 697 2138 878 2219; x_wconf 85' lang='lat' dir='ltr'><strong>procederet</strong></span> <span class='ocrx_word' id='word_1_157' title='bbox 899 2139 1001 2205; x_wconf 90' lang='lat' dir='ltr'><strong>multo</strong></span> <span class='ocrx_word' id='word_1_158' title='bbox 1023 2139 1121 2222; x_wconf 73' lang='lat' dir='ltr'><strong>megin</strong></span> <span class='ocrx_word' id='word_1_159' title='bbox 1142 2139 1168 2203; x_wconf 79' lang='lat' dir='ltr'><strong>ei</strong></span> <span class='ocrx_word' id='word_1_160' title='bbox 1195 2155 1287 2221; x_wconf 86' lang='lat' dir='ltr'><strong>penca</strong></span> <span class='ocrx_word' id='word_1_161' title='bbox 1312 2144 1547 2221; x_wconf 86' lang='lat' dir='ltr'><strong>procuratorem</strong></span> <span class='ocrx_word' id='word_1_162' title='bbox 1578 2156 1650 2205; x_wconf 88' lang='lat' dir='ltr'><strong>con·</strong></span> 
     </span>
     <span class='ocr_line' id='line_1_18' title="bbox 302 2234 1651 2331; baseline 0.002 -27"><span class='ocrx_word' id='word_1_163' title='bbox 302 2239 451 2305; x_wconf 83' lang='lat' dir='ltr'><strong>atitutum</strong></span> <span class='ocrx_word' id='word_1_164' title='bbox 473 2242 671 2324; x_wconf 87' lang='lat' dir='ltr'><strong>reperiantur</strong></span> <span class='ocrx_word' id='word_1_165' title='bbox 693 2234 801 2310; x_wconf 81' lang='lat' dir='ltr'><strong>literae</strong></span> <span class='ocrx_word' id='word_1_166' title='bbox 822 2245 976 2331; x_wconf 81' lang='lat' dir='ltr'><strong>praelatae</strong></span> <span class='ocrx_word' id='word_1_167' title='bbox 998 2246 1045 2311; x_wconf 82' lang='lat' dir='ltr'><strong>vel</strong></span> <span class='ocrx_word' id='word_1_168' title='bbox 1068 2246 1310 2311; x_wconf 78' lang='lat' dir='ltr'><strong>instrumentum</strong></span> <span class='ocrx_word' id='word_1_169' title='bbox 1331 2246 1488 2321; x_wconf 89' lang='lat' dir='ltr'><strong>mundati,</strong></span> <span class='ocrx_word' id='word_1_170' title='bbox 1521 2245 1651 2310; x_wconf 75' lang='grc'><strong>66666</strong></span> 
     </span>
     <span class='ocr_line' id='line_1_19' title="bbox 303 2343 854 2417; baseline 0.015 -8"><span class='ocrx_word' id='word_1_171' title='bbox 303 2362 385 2409; x_wconf 81' lang='lat' dir='ltr'><strong>cour.</strong></span> <span class='ocrx_word' id='word_1_172' title='bbox 408 2343 451 2409; x_wconf 86' lang='grc'><strong>39</strong></span> <span class='ocrx_word' id='word_1_173' title='bbox 474 2366 505 2411; x_wconf 90' lang='grc'><strong>6.</strong></span> <span class='ocrx_word' id='word_1_174' title='bbox 530 2346 592 2413; x_wconf 93' lang='grc'><strong>166</strong></span> <span class='ocrx_word' id='word_1_175' title='bbox 614 2360 643 2414; x_wconf 84' lang='lat' dir='ltr'><strong>et</strong></span> <span class='ocrx_word' id='word_1_176' title='bbox 669 2348 731 2414; x_wconf 87' lang='grc'><strong>166</strong></span> <span class='ocrx_word' id='word_1_177' title='bbox 754 2353 802 2417; x_wconf 82' lang='lat' dir='ltr'><strong>lit.</strong></span> <span class='ocrx_word' id='word_1_178' title='bbox 825 2352 854 2417; x_wconf 75' lang='lat'><strong>2.</strong></span> 
     </span>
    </p>

    <p class='ocr_par' dir='ltr' id='par_1_5' title="bbox 302 2449 1650 2644">
     <span class='ocr_line' id='line_1_20' title="bbox 390 2449 1650 2544; baseline 0.009 -28"><span class='ocrx_word' id='word_1_179' title='bbox 390 2449 441 2517; x_wconf 73' lang='grc'><strong>23.</strong></span> <span class='ocrx_word' id='word_1_180' title='bbox 462 2453 519 2519; x_wconf 83' lang='lat' dir='ltr'><strong>Vel</strong></span> <span class='ocrx_word' id='word_1_181' title='bbox 542 2456 568 2521; x_wconf 87' lang='lat' dir='ltr'><strong>ai</strong></span> <span class='ocrx_word' id='word_1_182' title='bbox 590 2464 777 2538; x_wconf 84' lang='lat' dir='ltr'><strong>procuratur</strong></span> <span class='ocrx_word' id='word_1_183' title='bbox 799 2462 999 2544; x_wconf 73' lang='lat' dir='ltr'><strong>significasset</strong></span> <span class='ocrx_word' id='word_1_184' title='bbox 1013 2464 1138 2528; x_wconf 76' lang='lat' dir='ltr'><strong>donnino</strong></span> <span class='ocrx_word' id='word_1_185' title='bbox 1159 2464 1359 2529; x_wconf 78' lang='lat' dir='ltr'><strong>constituenti</strong></span> <span class='ocrx_word' id='word_1_186' title='bbox 1375 2461 1581 2543; x_wconf 75' lang='lat' dir='ltr'><strong>remptionem</strong></span> <span class='ocrx_word' id='word_1_187' title='bbox 1603 2462 1650 2527; x_wconf 89' lang='lat' dir='ltr'><strong>di·</strong></span> 
     </span>
     <span class='ocr_line' id='line_1_21' title="bbox 302 2563 1326 2644; baseline 0.01 -19"><span class='ocrx_word' id='word_1_188' title='bbox 302 2567 426 2628; x_wconf 87' lang='lat' dir='ltr'><strong>ctarum</strong></span> <span class='ocrx_word' id='word_1_189' title='bbox 447 2563 626 2644; x_wconf 83' lang='lat' dir='ltr'><strong>literarum,</strong></span> <span class='ocrx_word' id='word_1_190' title='bbox 649 2571 686 2631; x_wconf 91' lang='lat' dir='ltr'><strong>ut</strong></span> <span class='ocrx_word' id='word_1_191' title='bbox 706 2572 796 2633; x_wconf 81' lang='lat' dir='ltr'><strong>notat</strong></span> <span class='ocrx_word' id='word_1_192' title='bbox 818 2569 886 2634; x_wconf 83' lang='lat' dir='ltr'><strong>lici.</strong></span> <span class='ocrx_word' id='word_1_193' title='bbox 908 2569 1048 2635; x_wconf 82' lang='lat' dir='ltr'><strong>Genuec.</strong></span> <span class='ocrx_word' id='word_1_194' title='bbox 1068 2574 1156 2635; x_wconf 78' lang='lat' dir='ltr'><strong>decis.</strong></span> <span class='ocrx_word' id='word_1_195' title='bbox 1177 2570 1221 2633; x_wconf 91' lang='grc'><strong>76</strong></span> <span class='ocrx_word' id='word_1_196' title='bbox 1243 2590 1274 2635; x_wconf 86' lang='grc'><strong>6.</strong></span> <span class='ocrx_word' id='word_1_197' title='bbox 1297 2570 1326 2635; x_wconf 85' lang='grc'><strong>6.</strong></span> 
     </span>
    </p>

    <p class='ocr_par' dir='ltr' id='par_1_6' title="bbox 303 2670 1650 2868">
     <span class='ocr_line' id='line_1_22' title="bbox 389 2670 1650 2758; baseline -0.001 -21"><span class='ocrx_word' id='word_1_198' title='bbox 389 2670 440 2738; x_wconf 77' lang='lat'><strong>29.</strong></span> <span class='ocrx_word' id='word_1_199' title='bbox 463 2673 519 2738; x_wconf 83' lang='lat' dir='ltr'><strong>Vel</strong></span> <span class='ocrx_word' id='word_1_200' title='bbox 543 2680 728 2758; x_wconf 89' lang='lat' dir='ltr'><strong>procurator</strong></span> <span class='ocrx_word' id='word_1_201' title='bbox 750 2675 874 2741; x_wconf 81' lang='lat' dir='ltr'><strong>aliunde</strong></span> <span class='ocrx_word' id='word_1_202' title='bbox 896 2679 1039 2743; x_wconf 89' lang='lat' dir='ltr'><strong>notitiam</strong></span> <span class='ocrx_word' id='word_1_203' title='bbox 1062 2678 1206 2744; x_wconf 84' lang='lat' dir='ltr'><strong>habuerit</strong></span> <span class='ocrx_word' id='word_1_204' title='bbox 1227 2678 1266 2742; x_wconf 87' lang='lat' dir='ltr'><strong>de</strong></span> <span class='ocrx_word' id='word_1_205' title='bbox 1288 2677 1371 2743; x_wconf 87' lang='lat' dir='ltr'><strong>dictu</strong></span> <span class='ocrx_word' id='word_1_206' title='bbox 1393 2676 1557 2753; x_wconf 87' lang='lat' dir='ltr'><strong>mundato,</strong></span> <span class='ocrx_word' id='word_1_207' title='bbox 1579 2673 1650 2737; x_wconf 88' lang='lat' dir='ltr'><strong>licet</strong></span> 
     </span>
     <span class='ocr_line' id='line_1_23' title="bbox 303 2764 1367 2868; baseline 0.008 -27"><span class='ocrx_word' id='word_1_208' title='bbox 303 2776 378 2843; x_wconf 89' lang='lat' dir='ltr'><strong>illud</strong></span> <span class='ocrx_word' id='word_1_209' title='bbox 401 2797 462 2844; x_wconf 92' lang='lat' dir='ltr'><strong>non</strong></span> <span class='ocrx_word' id='word_1_210' title='bbox 484 2781 615 2859; x_wconf 83' lang='lat' dir='ltr'><strong>viderit,</strong></span> <span class='ocrx_word' id='word_1_211' title='bbox 637 2781 782 2847; x_wconf 83' lang='lat' dir='ltr'><strong>Grotiuu.</strong></span> <span class='ocrx_word' id='word_1_212' title='bbox 803 2785 925 2866; x_wconf 83' lang='lat' dir='ltr'><strong>diccept.</strong></span> <span class='ocrx_word' id='word_1_213' title='bbox 947 2764 1064 2868; x_wconf 69' lang='lat' dir='ltr'><strong>[occec</strong></span> <span class='ocrx_word' id='word_1_214' title='bbox 1085 2804 1153 2868; x_wconf 85' lang='lat' dir='ltr'><strong>cup.</strong></span> <span class='ocrx_word' id='word_1_215' title='bbox 1173 2780 1295 2851; x_wconf 84' lang='grc'><strong>6366.</strong></span> <span class='ocrx_word' id='word_1_216' title='bbox 1317 2784 1367 2849; x_wconf 72' lang='lat'><strong>12</strong></span> 
     </span>
    </p>

    <p class='ocr_par' dir='ltr' id='par_1_7' title="bbox 302 2883 1652 3409">
     <span class='ocr_line' id='line_1_24' title="bbox 356 2883 1650 2978; baseline 0.001 -27"><span class='ocrx_word' id='word_1_217' title='bbox 356 2957 365 2975; x_wconf 45' lang='grc'>,</span> <span class='ocrx_word' id='word_1_218' title='bbox 389 2883 442 2951; x_wconf 89' lang='grc'><strong>36.</strong></span> <span class='ocrx_word' id='word_1_219' title='bbox 464 2890 541 2954; x_wconf 85' lang='lat' dir='ltr'><strong>Nam</strong></span> <span class='ocrx_word' id='word_1_220' title='bbox 570 2891 610 2954; x_wconf 89' lang='lat' dir='ltr'><strong>ad</strong></span> <span class='ocrx_word' id='word_1_221' title='bbox 633 2890 814 2956; x_wconf 71' lang='lat' dir='ltr'><strong>elicientium</strong></span> <span class='ocrx_word' id='word_1_222' title='bbox 842 2893 957 2958; x_wconf 86' lang='lat' dir='ltr'><strong>dictam</strong></span> <span class='ocrx_word' id='word_1_223' title='bbox 982 2895 1107 2960; x_wconf 79' lang='lat' dir='ltr'><strong>tacitam</strong></span> <span class='ocrx_word' id='word_1_224' title='bbox 1135 2895 1395 2978; x_wconf 72' lang='lat' dir='ltr'><strong>conmutationem,</strong></span> <span class='ocrx_word' id='word_1_225' title='bbox 1424 2891 1538 2958; x_wconf 76' lang='lat' dir='ltr'><strong>suflicit</strong></span> <span class='ocrx_word' id='word_1_226' title='bbox 1566 2887 1650 2971; x_wconf 91' lang='lat' dir='ltr'><strong>quod</strong></span> 
     </span>
     <span class='ocr_line' id='line_1_25' title="bbox 304 2994 1652 3082; baseline -0.004 -19"><span class='ocrx_word' id='word_1_227' title='bbox 304 3003 507 3081; x_wconf 85' lang='lat' dir='ltr'><strong>procurator,</strong></span> <span class='ocrx_word' id='word_1_228' title='bbox 530 2998 747 3082; x_wconf 81' lang='lat' dir='ltr'><strong>undecumque</strong></span> <span class='ocrx_word' id='word_1_229' title='bbox 777 3003 920 3066; x_wconf 86' lang='lat' dir='ltr'><strong>notitiam</strong></span> <span class='ocrx_word' id='word_1_230' title='bbox 943 3001 1053 3067; x_wconf 85' lang='lat' dir='ltr'><strong>habeat</strong></span> <span class='ocrx_word' id='word_1_231' title='bbox 1080 3002 1120 3067; x_wconf 87' lang='lat' dir='ltr'><strong>de</strong></span> <span class='ocrx_word' id='word_1_232' title='bbox 1150 3002 1296 3067; x_wconf 82' lang='lat' dir='ltr'><strong>{nouitate</strong></span> <span class='ocrx_word' id='word_1_233' title='bbox 1317 3002 1375 3066; x_wconf 80' lang='lat' dir='ltr'><strong>eibi</strong></span> <span class='ocrx_word' id='word_1_234' title='bbox 1396 3001 1487 3078; x_wconf 84' lang='lat' dir='ltr'><strong>data,</strong></span> <span class='ocrx_word' id='word_1_235' title='bbox 1510 2998 1578 3064; x_wconf 85' lang='lat' dir='ltr'><strong>liot.</strong></span> <span class='ocrx_word' id='word_1_236' title='bbox 1600 2994 1652 3058; x_wconf 83' lang='lat' dir='ltr'><strong>de-</strong></span> 
     </span>
     <span class='ocr_line' id='line_1_26' title="bbox 304 3100 1651 3191; baseline -0.004 -20"><span class='ocrx_word' id='word_1_237' title='bbox 304 3101 440 3172; x_wconf 76' lang='grc'><strong>666661</strong></span> <span class='ocrx_word' id='word_1_238' title='bbox 471 3125 503 3170; x_wconf 75' lang='grc'><strong>6.</strong></span> <span class='ocrx_word' id='word_1_239' title='bbox 525 3104 546 3168; x_wconf 76' lang='lat'><strong>2</strong></span> <span class='ocrx_word' id='word_1_240' title='bbox 565 3124 638 3189; x_wconf 85' lang='lat' dir='ltr'><strong>pur.</strong></span> <span class='ocrx_word' id='word_1_241' title='bbox 661 3105 682 3168; x_wconf 75' lang='lat'><strong>2</strong></span> <span class='ocrx_word' id='word_1_242' title='bbox 705 3108 845 3187; x_wconf 69' lang='lat' dir='ltr'><strong>liccem,</strong></span> <span class='ocrx_word' id='word_1_243' title='bbox 868 3119 976 3191; x_wconf 77' lang='lat' dir='ltr'><strong>‘neque</strong></span> <span class='ocrx_word' id='word_1_244' title='bbox 998 3111 1099 3175; x_wconf 71' lang='lat' dir='ltr'><strong>chnut</strong></span> <span class='ocrx_word' id='word_1_245' title='bbox 1134 3110 1225 3175; x_wconf 84' lang='lat' dir='ltr'><strong>Veotr.</strong></span> <span class='ocrx_word' id='word_1_246' title='bbox 1248 3109 1277 3172; x_wconf 90' lang='lat' dir='ltr'><strong>d.</strong></span> <span class='ocrx_word' id='word_1_247' title='bbox 1299 3127 1331 3172; x_wconf 86' lang='grc'><strong>6.</strong></span> <span class='ocrx_word' id='word_1_248' title='bbox 1352 3104 1393 3181; x_wconf 79' lang='lat' dir='ltr'><strong>l,</strong></span> <span class='ocrx_word' id='word_1_249' title='bbox 1416 3105 1490 3188; x_wconf 91' lang='lat' dir='ltr'><strong>qula</strong></span> <span class='ocrx_word' id='word_1_250' title='bbox 1510 3100 1651 3182; x_wconf 83' lang='lat' dir='ltr'><strong>loquitur</strong></span> 
     </span>
     <span class='ocr_line' id='line_1_27' title="bbox 303 3204 1649 3300; baseline -0.01 -19"><span class='ocrx_word' id='word_1_251' title='bbox 303 3215 342 3281; x_wconf 89' lang='grc'><strong>66</strong></span> <span class='ocrx_word' id='word_1_252' title='bbox 365 3214 543 3279; x_wconf 84' lang='lat' dir='ltr'><strong>eliciendam</strong></span> <span class='ocrx_word' id='word_1_253' title='bbox 564 3232 745 3298; x_wconf 78' lang='lat' dir='ltr'><strong>expremam</strong></span> <span class='ocrx_word' id='word_1_254' title='bbox 765 3218 1025 3299; x_wconf 82' lang='lat' dir='ltr'><strong>acceptationem,</strong></span> <span class='ocrx_word' id='word_1_255' title='bbox 1047 3222 1085 3282; x_wconf 89' lang='lat' dir='ltr'><strong>ut</strong></span> <span class='ocrx_word' id='word_1_256' title='bbox 1105 3216 1264 3300; x_wconf 78' lang='lat' dir='ltr'><strong>colligitur</strong></span> <span class='ocrx_word' id='word_1_257' title='bbox 1284 3215 1360 3280; x_wconf 93' lang='lat' dir='ltr'><strong>dum</strong></span> <span class='ocrx_word' id='word_1_258' title='bbox 1382 3213 1495 3295; x_wconf 75' lang='lat' dir='ltr'><strong>aliegat</strong></span> <span class='ocrx_word' id='word_1_259' title='bbox 1519 3207 1590 3271; x_wconf 76' lang='lat' dir='ltr'><strong>Teu.</strong></span> <span class='ocrx_word' id='word_1_260' title='bbox 1610 3204 1649 3266; x_wconf 84' lang='lat' dir='ltr'><strong>in</strong></span> 
     </span>
     <span class='ocr_line' id='line_1_28' title="bbox 302 3320 1507 3409; baseline -0.003 -22"><span class='ocrx_word' id='word_1_261' title='bbox 302 3325 333 3388; x_wconf 82' lang='lat' dir='ltr'><strong>d.</strong></span> <span class='ocrx_word' id='word_1_262' title='bbox 357 3323 391 3387; x_wconf 83' lang='lat' dir='ltr'><strong>L.</strong></span> <span class='ocrx_word' id='word_1_263' title='bbox 411 3323 636 3407; x_wconf 60' lang='lat' dir='ltr'><strong>filiusfamilias</strong></span> <span class='ocrx_word' id='word_1_264' title='bbox 657 3321 680 3409; x_wconf 67' lang='lat' dir='ltr'>S</span> <span class='ocrx_word' id='word_1_265' title='bbox 702 3327 838 3404; x_wconf 81' lang='lat' dir='ltr'><strong>iracitur,</strong></span> <span class='ocrx_word' id='word_1_266' title='bbox 860 3327 914 3390; x_wconf 86' lang='lat' dir='ltr'><strong>ubi</strong></span> <span class='ocrx_word' id='word_1_267' title='bbox 936 3326 1043 3409; x_wconf 75' lang='lat' dir='ltr'><strong>agitur</strong></span> <span class='ocrx_word' id='word_1_268' title='bbox 1064 3326 1103 3389; x_wconf 90' lang='lat' dir='ltr'><strong>de</strong></span> <span class='ocrx_word' id='word_1_269' title='bbox 1124 3341 1268 3407; x_wconf 82' lang='lat' dir='ltr'><strong>expressa</strong></span> <span class='ocrx_word' id='word_1_270' title='bbox 1289 3320 1507 3404; x_wconf 84' lang='lat' dir='ltr'><strong>acceptatione</strong></span> 
     </span>
    </p>

    <p class='ocr_par' dir='ltr' id='par_1_8' title="bbox 295 3419 1655 4051">
     <span class='ocr_line' id='line_1_29' title="bbox 392 3419 1650 3515; baseline -0.007 -20"><span class='ocrx_word' id='word_1_271' title='bbox 392 3427 443 3495; x_wconf 92' lang='grc'><strong>31.</strong></span> <span class='ocrx_word' id='word_1_272' title='bbox 465 3431 633 3511; x_wconf 83' lang='lat' dir='ltr'><strong>Postquam</strong></span> <span class='ocrx_word' id='word_1_273' title='bbox 663 3436 769 3497; x_wconf 85' lang='lat' dir='ltr'><strong>autern</strong></span> <span class='ocrx_word' id='word_1_274' title='bbox 791 3439 978 3514; x_wconf 88' lang='lat' dir='ltr'><strong>procurator</strong></span> <span class='ocrx_word' id='word_1_275' title='bbox 1006 3433 1176 3515; x_wconf 83' lang='lat' dir='ltr'><strong>acceptavit</strong></span> <span class='ocrx_word' id='word_1_276' title='bbox 1197 3431 1397 3507; x_wconf 91' lang='lat' dir='ltr'><strong>mandatum,</strong></span> <span class='ocrx_word' id='word_1_277' title='bbox 1426 3429 1553 3493; x_wconf 85' lang='lat' dir='ltr'><strong>tenetur</strong></span> <span class='ocrx_word' id='word_1_278' title='bbox 1573 3419 1650 3487; x_wconf 87' lang='lat' dir='ltr'><strong>iliud</strong></span> 
     </span>
     <span class='ocr_line' id='line_1_30' title="bbox 304 3526 1655 3624; baseline -0.003 -20"><span class='ocrx_word' id='word_1_279' title='bbox 304 3539 438 3619; x_wconf 81' lang='lat' dir='ltr'><strong>exequi,</strong></span> <span class='ocrx_word' id='word_1_280' title='bbox 466 3538 502 3602; x_wconf 88' lang='lat' dir='ltr'><strong>L.</strong></span> <span class='ocrx_word' id='word_1_281' title='bbox 532 3539 560 3603; x_wconf 83' lang='lat' dir='ltr'><strong>ri</strong></span> <span class='ocrx_word' id='word_1_282' title='bbox 591 3538 853 3604; x_wconf 71' lang='grc'><strong>6666666666</strong></span> <span class='ocrx_word' id='word_1_283' title='bbox 874 3537 897 3624; x_wconf 83' lang='lat'>§</span> <span class='ocrx_word' id='word_1_284' title='bbox 916 3542 988 3624; x_wconf 67' lang='grc'><strong>66,</strong></span> <span class='ocrx_word' id='word_1_285' title='bbox 1019 3540 1055 3604; x_wconf 66' lang='grc' dir='ltr'><strong>Ι.</strong></span> <span class='ocrx_word' id='word_1_286' title='bbox 1077 3543 1104 3605; x_wconf 79' lang='lat' dir='ltr'><strong>ci</strong></span> <span class='ocrx_word' id='word_1_287' title='bbox 1126 3541 1196 3622; x_wconf 76' lang='lat' dir='ltr'><strong>quir</strong></span> <span class='ocrx_word' id='word_1_288' title='bbox 1225 3539 1267 3602; x_wconf 71' lang='lat'><strong>27</strong></span> <span class='ocrx_word' id='word_1_289' title='bbox 1291 3537 1314 3624; x_wconf 75' lang='lat' dir='ltr'>S</span> <span class='ocrx_word' id='word_1_290' title='bbox 1340 3540 1397 3620; x_wconf 85' lang='lat' dir='ltr'><strong>qoi</strong></span> <span class='ocrx_word' id='word_1_291' title='bbox 1418 3526 1655 3610; x_wconf 65' lang='grc'><strong>6666661666</strong></span> 
     </span>
     <span class='ocr_line' id='line_1_31' title="bbox 295 3640 1650 3732; baseline -0.007 -18"><span class='ocrx_word' id='word_1_292' title='bbox 295 3647 428 3721; x_wconf 66' lang='lat' dir='ltr'><strong>mad,</strong></span> <span class='ocrx_word' id='word_1_293' title='bbox 457 3645 532 3710; x_wconf 79' lang='lat' dir='ltr'><strong>aliae</strong></span> <span class='ocrx_word' id='word_1_294' title='bbox 555 3650 680 3711; x_wconf 85' lang='lat' dir='ltr'><strong>tenetur</strong></span> <span class='ocrx_word' id='word_1_295' title='bbox 708 3647 748 3711; x_wconf 90' lang='grc'><strong>66</strong></span> <span class='ocrx_word' id='word_1_296' title='bbox 770 3648 933 3728; x_wconf 81' lang='lat' dir='ltr'><strong>iutercme,</strong></span> <span class='ocrx_word' id='word_1_297' title='bbox 964 3648 999 3711; x_wconf 82' lang='lat' dir='ltr'><strong>L.</strong></span> <span class='ocrx_word' id='word_1_298' title='bbox 1021 3651 1048 3712; x_wconf 80' lang='grc'><strong>6·</strong></span> <span class='ocrx_word' id='word_1_299' title='bbox 1069 3657 1261 3729; x_wconf 84' lang='lat' dir='ltr'><strong>procurator</strong></span> <span class='ocrx_word' id='word_1_300' title='bbox 1289 3644 1311 3711; x_wconf 88' lang='lat'><strong>8</strong></span> <span class='ocrx_word' id='word_1_301' title='bbox 1333 3644 1356 3732; x_wconf 72' lang='lat' dir='ltr'>S</span> <span class='ocrx_word' id='word_1_302' title='bbox 1377 3644 1540 3721; x_wconf 81' lang='grc'><strong>666666,</strong></span> <span class='ocrx_word' id='word_1_303' title='bbox 1567 3640 1650 3705; x_wconf 75' lang='lat' dir='ltr'><strong>ue·</strong></span> 
     </span>
     <span class='ocr_line' id='line_1_32' title="bbox 306 3749 1650 3841; baseline -0.006 -21"><span class='ocrx_word' id='word_1_304' title='bbox 306 3753 499 3820; x_wconf 74' lang='grc'><strong>6666666666</strong></span> <span class='ocrx_word' id='word_1_305' title='bbox 519 3750 542 3838; x_wconf 72' lang='lat' dir='ltr'>S</span> <span class='ocrx_word' id='word_1_306' title='bbox 565 3753 718 3818; x_wconf 78' lang='grc'><strong>1666666</strong></span> <span class='ocrx_word' id='word_1_307' title='bbox 743 3755 774 3838; x_wconf 74' lang='lat' dir='ltr'><em>ff</em></span> <span class='ocrx_word' id='word_1_308' title='bbox 791 3758 898 3821; x_wconf 78' lang='lat' dir='ltr'><strong>mund</strong></span> <span class='ocrx_word' id='word_1_309' title='bbox 927 3761 978 3821; x_wconf 77' lang='lat' dir='ltr'><strong>An</strong></span> <span class='ocrx_word' id='word_1_310' title='bbox 997 3762 1104 3822; x_wconf 80' lang='lat' dir='ltr'><strong>autem</strong></span> <span class='ocrx_word' id='word_1_311' title='bbox 1124 3762 1310 3841; x_wconf 82' lang='lat' dir='ltr'><strong>procurator</strong></span> <span class='ocrx_word' id='word_1_312' title='bbox 1337 3761 1501 3838; x_wconf 75' lang='lat' dir='ltr'><strong>postquam</strong></span> <span class='ocrx_word' id='word_1_313' title='bbox 1525 3749 1650 3816; x_wconf 85' lang='lat' dir='ltr'><strong>mendu-</strong></span> 
     </span>
     <span class='ocr_line' id='line_1_33' title="bbox 304 3855 1648 3944; baseline -0.007 -16"><span class='ocrx_word' id='word_1_314' title='bbox 304 3867 373 3928; x_wconf 91' lang='lat' dir='ltr'><strong>tum</strong></span> <span class='ocrx_word' id='word_1_315' title='bbox 402 3861 574 3943; x_wconf 83' lang='lat' dir='ltr'><strong>acceptavit</strong></span> <span class='ocrx_word' id='word_1_316' title='bbox 605 3862 700 3944; x_wconf 80' lang='lat' dir='ltr'><strong>pouit</strong></span> <span class='ocrx_word' id='word_1_317' title='bbox 731 3862 805 3927; x_wconf 90' lang='lat' dir='ltr'><strong>illud</strong></span> <span class='ocrx_word' id='word_1_318' title='bbox 836 3863 977 3930; x_wconf 81' lang='lat' dir='ltr'><strong>deserere</strong></span> <span class='ocrx_word' id='word_1_319' title='bbox 1007 3869 1040 3929; x_wconf 89' lang='lat' dir='ltr'><strong>et</strong></span> <span class='ocrx_word' id='word_1_320' title='bbox 1077 3864 1119 3930; x_wconf 90' lang='lat' dir='ltr'><strong>illi</strong></span> <span class='ocrx_word' id='word_1_321' title='bbox 1157 3865 1362 3941; x_wconf 86' lang='lat' dir='ltr'><strong>renunciare,</strong></span> <span class='ocrx_word' id='word_1_322' title='bbox 1397 3861 1536 3926; x_wconf 79' lang='lat' dir='ltr'><strong>dicemus</strong></span> <span class='ocrx_word' id='word_1_323' title='bbox 1570 3855 1648 3921; x_wconf 86' lang='lat' dir='ltr'><strong>inira</strong></span> 
     </span>
     <span class='ocr_line' id='line_1_34' title="bbox 302 3967 517 4051; baseline 0.005 -19"><span class='ocrx_word' id='word_1_324' title='bbox 302 3984 371 4051; x_wconf 76' lang='lat' dir='ltr'><strong>cap</strong></span> <span class='ocrx_word' id='word_1_325' title='bbox 394 3967 517 4036; x_wconf 72' lang='lat' dir='ltr'><strong>cxix</strong></span> 
     </span>
    </p>

    <p class='ocr_par' dir='ltr' id='par_1_9' title="bbox 306 4078 1649 4273">
     <span class='ocr_line' id='line_1_35' title="bbox 393 4078 1649 4160; baseline -0.001 -21"><span class='ocrx_word' id='word_1_326' title='bbox 393 4101 410 4137; x_wconf 81' lang='grc' dir='ltr'>ι</span> <span class='ocrx_word' id='word_1_327' title='bbox 434 4080 606 4160; x_wconf 78' lang='lat' dir='ltr'><strong>Acceptum</strong></span> <span class='ocrx_word' id='word_1_328' title='bbox 626 4079 822 4158; x_wconf 84' lang='lat' dir='ltr'><strong>mandatum,</strong></span> <span class='ocrx_word' id='word_1_329' title='bbox 851 4086 995 4149; x_wconf 78' lang='lat' dir='ltr'><strong>cernetur</strong></span> <span class='ocrx_word' id='word_1_330' title='bbox 1023 4099 1055 4146; x_wconf 87' lang='lat' dir='ltr'><strong>ee</strong></span> <span class='ocrx_word' id='word_1_331' title='bbox 1075 4082 1274 4149; x_wconf 76' lang='lat' dir='ltr'><strong>adstrinxime</strong></span> <span class='ocrx_word' id='word_1_332' title='bbox 1299 4078 1443 4145; x_wconf 83' lang='lat' dir='ltr'><strong>omnibus</strong></span> <span class='ocrx_word' id='word_1_333' title='bbox 1464 4079 1497 4140; x_wconf 92' lang='lat' dir='ltr'><strong>in</strong></span> <span class='ocrx_word' id='word_1_334' title='bbox 1516 4094 1554 4141; x_wconf 88' lang='lat' dir='ltr'><strong>eo</strong></span> <span class='ocrx_word' id='word_1_335' title='bbox 1574 4091 1649 4138; x_wconf 87' lang='lat' dir='ltr'><strong>ccu-</strong></span> 
     </span>
     <span class='ocr_line' id='line_1_36' title="bbox 306 4184 1169 4273; baseline 0.015 -31"><span class='ocrx_word' id='word_1_336' title='bbox 306 4205 324 4241; x_wconf 79' lang='grc'><strong>6</strong></span> <span class='ocrx_word' id='word_1_337' title='bbox 349 4184 459 4259; x_wconf 85' lang='lat' dir='ltr'><strong>tentia,</strong></span> <span class='ocrx_word' id='word_1_338' title='bbox 483 4184 552 4249; x_wconf 77' lang='lat' dir='ltr'><strong>aa.</strong></span> <span class='ocrx_word' id='word_1_339' title='bbox 574 4185 662 4251; x_wconf 72' lang='lat' dir='ltr'><strong>decu</strong></span> <span class='ocrx_word' id='word_1_340' title='bbox 685 4184 749 4252; x_wconf 81' lang='lat' dir='ltr'><strong>ulo</strong></span> <span class='ocrx_word' id='word_1_341' title='bbox 771 4209 802 4252; x_wconf 87' lang='grc'><strong>6.</strong></span> <span class='ocrx_word' id='word_1_342' title='bbox 828 4187 867 4253; x_wconf 87' lang='grc'><strong>16</strong></span> <span class='ocrx_word' id='word_1_343' title='bbox 885 4207 958 4273; x_wconf 86' lang='lat' dir='ltr'><strong>por.</strong></span> <span class='ocrx_word' id='word_1_344' title='bbox 984 4188 1000 4252; x_wconf 91' lang='lat'>1</span> <span class='ocrx_word' id='word_1_345' title='bbox 1027 4190 1169 4256; x_wconf 75' lang='lat' dir='ltr'><strong>licceat·</strong></span> 
     </span>
    </p>

    <p class='ocr_par' dir='ltr' id='par_1_10' title="bbox 304 4290 1649 4488">
     <span class='ocr_line' id='line_1_37' title="bbox 394 4290 1649 4381; baseline 0.001 -23"><span class='ocrx_word' id='word_1_346' title='bbox 394 4290 493 4358; x_wconf 80' lang='lat' dir='ltr'><strong>«Sed</strong></span> <span class='ocrx_word' id='word_1_347' title='bbox 522 4294 692 4376; x_wconf 86' lang='lat' dir='ltr'><strong>acceptatio</strong></span> <span class='ocrx_word' id='word_1_348' title='bbox 721 4296 812 4361; x_wconf 89' lang='lat' dir='ltr'><strong>debet</strong></span> <span class='ocrx_word' id='word_1_349' title='bbox 840 4297 970 4381; x_wconf 79' lang='lat' dir='ltr'><strong>intelligi</strong></span> <span class='ocrx_word' id='word_1_350' title='bbox 999 4299 1169 4363; x_wconf 76' lang='lat' dir='ltr'><strong>secundum</strong></span> <span class='ocrx_word' id='word_1_351' title='bbox 1199 4300 1381 4379; x_wconf 83' lang='lat' dir='ltr'><strong>materiem,</strong></span> <span class='ocrx_word' id='word_1_352' title='bbox 1411 4298 1526 4363; x_wconf 82' lang='lat' dir='ltr'><strong>scilicet</strong></span> <span class='ocrx_word' id='word_1_353' title='bbox 1554 4297 1649 4360; x_wconf 84' lang='lat' dir='ltr'><strong>donee</strong></span> 
     </span>
     <span class='ocr_line' id='line_1_38' title="bbox 304 4401 1516 4488; baseline 0.004 -26"><span class='ocrx_word' id='word_1_354' title='bbox 304 4419 323 4455; x_wconf 75' lang='lat' dir='ltr'><strong>a</strong></span> <span class='ocrx_word' id='word_1_355' title='bbox 348 4405 533 4479; x_wconf 83' lang='lat' dir='ltr'><strong>procurator</strong></span> <span class='ocrx_word' id='word_1_356' title='bbox 554 4401 650 4468; x_wconf 87' lang='lat' dir='ltr'><strong>inerit</strong></span> <span class='ocrx_word' id='word_1_357' title='bbox 671 4410 848 4484; x_wconf 80' lang='lat' dir='ltr'><strong>revocatus,</strong></span> <span class='ocrx_word' id='word_1_358' title='bbox 873 4406 941 4473; x_wconf 77' lang='lat' dir='ltr'><strong>aot.</strong></span> <span class='ocrx_word' id='word_1_359' title='bbox 963 4408 1051 4472; x_wconf 82' lang='lat' dir='ltr'><strong>decio.</strong></span> <span class='ocrx_word' id='word_1_360' title='bbox 1072 4402 1138 4469; x_wconf 75' lang='lat' dir='ltr'><strong>lte</strong></span> <span class='ocrx_word' id='word_1_361' title='bbox 1160 4425 1191 4471; x_wconf 90' lang='grc'><strong>6.</strong></span> <span class='ocrx_word' id='word_1_362' title='bbox 1213 4407 1234 4471; x_wconf 82' lang='lat' dir='ltr'><strong>a</strong></span> <span class='ocrx_word' id='word_1_363' title='bbox 1253 4424 1325 4488; x_wconf 87' lang='lat' dir='ltr'><strong>por.</strong></span> <span class='ocrx_word' id='word_1_364' title='bbox 1349 4405 1367 4468; x_wconf 93' lang='lat'>1</span> <span class='ocrx_word' id='word_1_365' title='bbox 1394 4405 1516 4470; x_wconf 83' lang='lat' dir='ltr'><strong>Receut.</strong></span> 
     </span>
    </p>

    <p class='ocr_par' dir='ltr' id='par_1_11' title="bbox 394 4499 1649 4597">
     <span class='ocr_line' id='line_1_39' title="bbox 394 4499 1649 4597; baseline 0.002 -29"><span class='ocrx_word' id='word_1_366' title='bbox 394 4499 444 4569; x_wconf 73' lang='lat'><strong>32</strong></span> <span class='ocrx_word' id='word_1_367' title='bbox 465 4507 542 4572; x_wconf 85' lang='lat' dir='ltr'><strong>llum</strong></span> <span class='ocrx_word' id='word_1_368' title='bbox 564 4510 719 4593; x_wconf 88' lang='lat' dir='ltr'><strong>deciperet</strong></span> <span class='ocrx_word' id='word_1_369' title='bbox 748 4520 811 4578; x_wconf 88' lang='lat' dir='ltr'><strong>tam</strong></span> <span class='ocrx_word' id='word_1_370' title='bbox 834 4514 1049 4593; x_wconf 88' lang='lat' dir='ltr'><strong>mandantem,</strong></span> <span class='ocrx_word' id='word_1_371' title='bbox 1071 4531 1165 4596; x_wconf 89' lang='lat' dir='ltr'><strong>quam</strong></span> <span class='ocrx_word' id='word_1_372' title='bbox 1187 4514 1316 4580; x_wconf 87' lang='lat' dir='ltr'><strong>alteram</strong></span> <span class='ocrx_word' id='word_1_373' title='bbox 1338 4518 1477 4597; x_wconf 90' lang='lat' dir='ltr'><strong>partem,</strong></span> <span class='ocrx_word' id='word_1_374' title='bbox 1501 4511 1592 4577; x_wconf 88' lang='lat' dir='ltr'><strong>Buld.</strong></span> <span class='ocrx_word' id='word_1_375' title='bbox 1614 4512 1649 4572; x_wconf 82' lang='lat' dir='ltr'><strong>ic</strong></span> 
     </span>
    </p>
   </div>
   <div class='ocr_carea' id='block_1_3' title="bbox 304 4611 1648 4703">
    <p class='ocr_par' dir='ltr' id='par_1_12' title="bbox 304 4611 1648 4703">
     <span class='ocr_line' id='line_1_40' title="bbox 304 4611 1648 4703; baseline 0.004 -27"><span class='ocrx_word' id='word_1_376' title='bbox 304 4613 334 4676; x_wconf 86' lang='grc'><strong>6.</strong></span> <span class='ocrx_word' id='word_1_377' title='bbox 357 4611 393 4679; x_wconf 73' lang='lat' dir='ltr'>L</span> <span class='ocrx_word' id='word_1_378' title='bbox 412 4613 637 4695; x_wconf 67' lang='grc'><strong>6666666666</strong></span> <span class='ocrx_word' id='word_1_379' title='bbox 658 4616 682 4703; x_wconf 70' lang='lat' dir='ltr'>S</span> <span class='ocrx_word' id='word_1_380' title='bbox 701 4631 891 4700; x_wconf 74' lang='lat' dir='ltr'><strong>procuretur</strong></span> <span class='ocrx_word' id='word_1_381' title='bbox 913 4642 945 4686; x_wconf 87' lang='grc'><strong>6.</strong></span> <span class='ocrx_word' id='word_1_382' title='bbox 971 4620 1007 4700; x_wconf 86' lang='grc'><strong>1,</strong></span> <span class='ocrx_word' id='word_1_383' title='bbox 1030 4630 1057 4687; x_wconf 81' lang='lat' dir='ltr'><strong>et</strong></span> <span class='ocrx_word' id='word_1_384' title='bbox 1078 4621 1123 4685; x_wconf 81' lang='lat' dir='ltr'><strong>iii</strong></span> <span class='ocrx_word' id='word_1_385' title='bbox 1149 4623 1240 4686; x_wconf 82' lang='lat' dir='ltr'><strong>Paul.</strong></span> <span class='ocrx_word' id='word_1_386' title='bbox 1261 4623 1297 4686; x_wconf 84' lang='lat' dir='ltr'><strong>de</strong></span> <span class='ocrx_word' id='word_1_387' title='bbox 1322 4620 1424 4688; x_wconf 74' lang='lat' dir='ltr'><strong>Curru·</strong></span> <span class='ocrx_word' id='word_1_388' title='bbox 1449 4639 1480 4683; x_wconf 88' lang='grc'><strong>6.</strong></span> <span class='ocrx_word' id='word_1_389' title='bbox 1506 4615 1546 4680; x_wconf 92' lang='grc'><strong>16</strong></span> <span class='ocrx_word' id='word_1_390' title='bbox 1565 4615 1596 4697; x_wconf 72' lang='lat' dir='ltr'><em>ff</em></span> <span class='ocrx_word' id='word_1_391' title='bbox 1612 4615 1648 4677; x_wconf 85' lang='lat' dir='ltr'><strong>de</strong></span> 
     </span>
    </p>
   </div>
   <div class='ocr_carea' id='block_1_4' title="bbox 301 4740 1648 4918">
    <p class='ocr_par' dir='ltr' id='par_1_13' title="bbox 301 4740 1648 4918">
     <span class='ocr_line' id='line_1_41' title="bbox 404 4740 431 4786; baseline -0.037 0"><span class='ocrx_word' id='word_1_392' title='bbox 404 4740 431 4786; x_wconf 88' lang='lat' dir='ltr'><strong>r.</strong></span> 
     </span>
     <span class='ocr_line' id='line_1_42' title="bbox 301 4740 1648 4918; baseline -0.003 -22"><span class='ocrx_word' id='word_1_393' title='bbox 301 4740 445 4896; x_wconf 59' lang='lat' dir='ltr'><strong>miii.</strong></span> <span class='ocrx_word' id='word_1_394' title='bbox 466 4831 584 4896; x_wconf 82' lang='lat' dir='ltr'><strong>Verum</strong></span> <span class='ocrx_word' id='word_1_395' title='bbox 615 4834 697 4899; x_wconf 87' lang='lat' dir='ltr'><strong>enim</strong></span> <span class='ocrx_word' id='word_1_396' title='bbox 720 4853 811 4916; x_wconf 84' lang='lat' dir='ltr'><strong>vero,</strong></span> <span class='ocrx_word' id='word_1_397' title='bbox 839 4838 957 4918; x_wconf 77' lang='lat' dir='ltr'><strong>etquis</strong></span> <span class='ocrx_word' id='word_1_398' title='bbox 985 4838 1027 4904; x_wconf 82' lang='lat' dir='ltr'><strong>eit</strong></span> <span class='ocrx_word' id='word_1_399' title='bbox 1047 4837 1236 4903; x_wconf 82' lang='lat' dir='ltr'><strong>corutitutur</strong></span> <span class='ocrx_word' id='word_1_400' title='bbox 1267 4840 1452 4918; x_wconf 80' lang='lat' dir='ltr'><strong>procuratur</strong></span> <span class='ocrx_word' id='word_1_401' title='bbox 1481 4829 1648 4898; x_wconf 86' lang='lat' dir='ltr'><strong>adomnia</strong></span> 
     </span>
    </p>
   </div>
   <div class='ocr_carea' id='block_1_5' title="bbox 0 0 1874 5750">
    <p class='ocr_par' dir='ltr' id='par_1_14' title="bbox 0 0 1874 5750">
     <span class='ocr_line' id='line_1_43' title="bbox 0 0 1874 5750; baseline 0 0"><span class='ocrx_word' id='word_1_402' title='bbox 0 0 1874 5750; x_wconf 95' lang='lat' dir='ltr'><strong> </strong></span> 
     </span>
    </p>
   </div>
  </div>
 </body>
</html>
