3734 5750
518 378 574 449 DE
599 375 986 448 PBOCURA'PORIBUS.
1008 380 1097 447 CAP.
1119 376 1249 449 Lxxv.
1513 378 1578 450 393

267 552 321 622 33.
344 552 390 621 Ac
412 554 509 620 etiam
531 570 566 616 rc
589 569 655 615 non
678 553 803 632 intepra
826 552 863 617 do
880 551 958 633 jure
981 553 1144 616 conortico.

270 663 322 731 30.
347 665 549 730 Procurator
571 678 674 724 emens
705 661 888 742 simpliciter
912 678 1000 739 rem,
1022 660 1137 724 scilicet
1160 674 1217 725 nec
1235 678 1297 742 pro
1321 681 1353 727 sc
1376 684 1432 731 nec
1452 683 1512 749 pro

403 772 595 847 mandante,
615 786 678 852 pro
702 787 733 835 re
755 784 854 836 emere
877 780 1030 835 rencanr.

269 877 323 944 31.
350 876 412 946 Sed
433 888 558 943 tenetur
580 878 703 942 anione
724 877 871 942 mandati
892 876 942 941 oei
962 876 1007 941 ad
1027 876 1231 945 traditionem
1253 883 1300 945 rei
1323 893 1452 963 emptae.

271 984 324 1052 32.
354 988 409 1053 Vei
428 987 472 1051 ad
494 988 647 1051 interesse.

269 1090 323 1160 33.
346 1090 464 1161 Gerena
494 1096 621 1159 nomine
649 1096 783 1176 proprio
815 1102 923 1160 actum
948 1097 976 1160 ei
998 1099 1198 1162 commissum
1221 1107 1344 1165 tenetur
1366 1099 1410 1165 od
1431 1103 1512 1166 inte·

405 1223 487 1270 resse
508 1205 633 1267 actione
655 1204 811 1269 mandati.

272 1306 325 1379 ni.
349 1312 523 1380 Contraria
553 1309 688 1396 affertur
719 1312 827 1393 opinio
846 1314 939 1396 quod
968 1328 1038 1377 rem
1064 1313 1247 1396 simpliciter
1278 1330 1401 1395 emens,
1424 1318 1512 1381 ittam

401 1420 630 1502 procuratorio
652 1420 781 1483 nomine
803 1439 903 1484 emere
926 1431 1102 1487 censeatur.

271 1525 324 1592 35.
347 1527 483 1592 Faciens
505 1537 613 1592 actum
635 1537 779 1592 censetur
800 1528 894 1593 ittam
915 1531 1024 1613 [acere
1046 1550 1086 1595 ec
1108 1532 1201 1596 tituto
1223 1534 1438 1614 precamina.

272 1631 323 1699 36.
348 1635 433 1700 Unde
455 1654 506 1700 rer
528 1643 632 1715 empta
654 1637 827 1700 mandanti
848 1641 1040 1720 acquiritur.

173 1730 175 1734 ’
269 1736 322 1808 37.
345 1742 390 1809 Et
412 1742 639 1808 mandatarius
659 1746 885 1825 procuratorio
907 1740 1038 1810 nomine
1059 1740 1148 1811 iiiam
1170 1749 1288 1813 dicitnr
1307 1753 1475 1832 porciano.

268 1849 323 1919 38.
347 1854 552 1919 Procurator
573 1868 678 1916 emeno
707 1870 774 1916 rem
793 1848 1019 1936 procuratorio
1042 1857 1186 1936 nomine,
1209 1857 1297 1921 eitam
1319 1866 1386 1923 tam
1407 1861 1513 1944 quoad

400 1963 627 2044 proprietatem
648 1978 747 2045 quam
770 1963 877 2045 quoad
894 1960 1121 2043 porrectionem
1143 1960 1283 2047 acquirit
1304 1966 1482 2032 mandanti.

266 2069 323 2139 39.
346 2070 458 2137 Etiam
478 2089 536 2154 per
558 2071 657 2135 roiam
680 2070 860 2135 clausulam
883 2072 1047 2138 constituti
1060 2068 1096 2136 in
1112 2074 1277 2155 emptionis
1300 2074 1511 2140 instrumenta

406 2182 586 2264 appositam
608 2188 636 2244 et
659 2180 726 2245 tine
748 2178 891 2243 cessione.

268 2291 323 2358 to.
348 2290 502 2372 Qrcamcir
538 2306 604 2353 rem
633 2297 718 2353 emat
751 2306 824 2352 cnm
853 2289 999 2369 propriis
1025 2288 1191 2368 pecuniis,
1215 2289 1329 2353 riitia
1359 2290 1512 2353 tradatur

404 2400 583 2465 mandanti.

256 2506 324 2612 31.
354 2511 404 2575 Vei
425 2512 521 2574 etiam
543 2511 606 2589 ipsi
626 2507 840 2571 mandatorio.

265 2611 322 2682 32.
347 2617 408 2683 Rer
431 2634 496 2680 non
519 2614 699 2699 requiritur
721 2612 901 2679 solutorum
923 2612 1139 2694 pecuniarum
1162 2608 1300 2689 domno,
1316 2611 1370 2675 ted
1384 2610 1433 2676 iiii
1452 2630 1513 2693 pro

405 2741 469 2808 qno
488 2726 553 2808 suit
576 2732 690 2804 empta.

263 2828 322 2901 aa.
344 2832 429 2901 Licet
452 2830 566 2916 emptio
586 2834 640 2916 fiat
663 2846 722 2914 pro
744 2844 880 2914 persona
903 2820 1115 2910 nominanda,
1136 2830 1227 2913 saeta
1251 2829 1476 2893 nominatione.

266 2937 323 3009 ii.
347 2943 547 3008 Procurator
569 2950 676 3006 tamen
698 2951 720 3001 c
741 2935 869 3004 aomina
889 2937 1054 3020 praetium
1075 2945 1189 3021 repetet
1212 2939 1334 3002 actione
1356 2933 1512 3001 mandati.

264 3047 322 3116 to.
347 3049 391 3116 Et
413 3047 441 3115 ri
461 3058 588 3132 portem
610 3049 739 3113 tantum
761 3048 797 3111 de
817 3048 951 3130 proprio
973 3047 1145 3128 napooerit
1167 3039 1257 3110 ittam
1281 3045 1398 3127 repetit.

262 3153 323 3222 aa.
346 3157 502 3236 anenno
523 3157 632 3220 omont
651 3163 722 3236 port
746 3163 911 3236 seanaam
934 3152 1082 3220 manaan
1103 3156 1348 3230 revocationem,
1373 3153 1401 3217 ti
1423 3154 1509 3217 ittam

402 3266 571 3347 ipnorarit.

264 3367 322 3438 147.
349 3375 565 3449 Procurator,
585 3375 674 3437 ultra
699 3373 794 3436 etiam
815 3365 860 3432 30
882 3387 998 3444 annas,
1022 3370 1187 3434 detinenda
1208 3387 1278 3434 rern
1298 3388 1361 3452 pro
1382 3371 1509 3434 domino

404 3492 561 3564 emptam,
584 3499 657 3545 cnm
679 3482 718 3544 sit
742 3479 778 3542 in
802 3480 889 3542 mato
911 3477 1082 3561 peritton
1105 3493 1170 3543 non
1192 3479 1387 3561 praescribit.

263 3582 323 3655 38.
346 3591 391 3656 Et
412 3593 489 3674 quia
513 3605 578 3653 non
599 3593 699 3672 potest
721 3587 778 3652 siti
800 3596 926 3650 mutare
950 3603 1082 3651 canmm
1101 3583 1288 3669 possidendi

261 3697 324 3768 39.
346 3700 390 3766 Et
414 3700 563 3764 dominns
587 3716 652 3762 non
674 3704 798 3761 tenetur
817 3696 983 3776 praetium
1006 3696 1171 3759 contenere
1193 3715 1268 3761 cnm
1291 3697 1331 3760 sit
1362 3713 1509 3776 compen-

402 3810 539 3875 sandum
573 3823 646 3871 cnm
684 3801 846 3888 [matins
874 3797 975 3865 medio
1013 3805 1151 3886 tempore
1181 3817 1238 3885 per
1267 3810 1509 3885 procuratorem

399 3917 565 4001 perceptio
1073 3911 1076 3918 ’

262 4026 321 4092 50.
346 4025 414 4092 Nisi
432 4025 534 4110 suerit
557 4024 745 4087 constitutur
768 4022 804 4084 in
826 4037 919 4085 moro
939 4033 998 4102 pro
1020 4019 1099 4083 dicti
1116 4021 1237 4101 praetii
1256 4015 1462 4082 restitutione.

259 4133 322 4200 ot.
348 4135 411 4200 Per
430 4140 673 4216 procuratorem
696 4131 765 4194 ticet
786 4130 825 4194 cit
846 4145 984 4211 persona
1007 4127 1106 4192 libera
1127 4125 1217 4191 notit
1247 4128 1431 4211 acquiritur
1452 4128 1508 4192 do-

402 4243 539 4306 minium
558 4247 589 4306 et
613 4240 768 4322 porrectio.

256 4349 321 4418 52
344 4347 485 4416 Fructus
508 4351 687 4432 sequnntur
708 4345 895 4411 dominium.

258 4458 322 4524 53.
346 4457 469 4525 Coraca
484 4456 569 4540 qnod
580 4465 776 4538 procurator
790 4472 856 4518 non
870 4461 1018 4520 teneatur
1032 4453 1075 4520 nd
1086 4452 1327 4538 praedictorum
1338 4456 1506 4535 swanum

401 4565 638 4629 restitutionem.
1261 4559 1265 4570 '
1462 4585 1466 4592 ·

259 4668 322 4738 53.
345 4673 390 4738 tr
412 4681 542 4738 auctoru
566 4673 643 4736 iaec
665 4673 863 4755 approbatur
885 4673 1039 4737 cententio
1063 4681 1092 4736 et
1112 4671 1220 4755 quarn

260 4780 323 4845 55.
349 4779 560 4846 Procuratori
581 4780 646 4863 ejas
668 4781 806 4865 officinm
829 4777 948 4845 damno
969 4795 1030 4846 esse
1053 4791 1118 4845 non
1140 4765 1251 4845 aerei*
1326 4791 1330 4802 ’
1383 4771 1387 4778 ’

258 4885 321 4951 56.
349 4887 546 4954 Procurator
569 4891 597 4955 ci
618 4890 739 4954 domini
754 4881 928 4973 ⁴pecaniam
943 4891 979 4955 in
992 4889 1140 4973 proprior
1163 4903 1241 4954 utus
1264 4895 1443 4967 conocrtat,
1460 4887 1509 4950 oet

1329 4992 1371 5057 50
