3734 5750
295 400 360 472 276
724 398 923 470 Luuuvlul
946 396 1068 467 CENCl
1090 396 1236 465 TRACT.

294 578 383 644 6666.
404 570 472 640 696
493 595 524 667 6.
548 572 577 638 3.
598 573 686 638 Licet
709 591 771 637 non
793 571 942 636 admittat
966 568 1108 635 6666666
1137 586 1220 633 cuns.
1244 562 1307 629 186
1329 584 1360 629 6.
1380 562 1404 627 6
1426 565 1474 629 lit.
1497 558 1538 639 3,
1562 574 1661 646 neque

296 690 390 761 Surd.
413 705 495 752 cons.
517 680 583 747 366
604 701 637 746 6.
662 679 679 743 1
703 680 752 746 lib.
773 677 805 743 3.

262 836 265 841 -
380 796 409 864 6.
431 796 491 864 Sed
514 789 726 875 amplectendo
748 794 870 872 partem
900 785 1137 861 affirmativam,
1166 783 1288 847 illaesi
1313 778 1506 883 amplianda,
1530 782 1570 844 ut
1591 778 1660 844 talis

292 906 440 975 confessio
463 901 656 987 praeiudicet
677 899 821 977 domina,
843 896 986 978 quamvis
999 898 1080 959 osset
1101 893 1182 958 iacta
1204 910 1221 955 a
1244 895 1449 974 procuratore
1465 892 1622 964 mvocato,
1637 887 1662 951 si

288 1018 384 1101 juder
408 1014 454 1079 vel
476 1010 670 1077 adversarius
683 1008 800 1072 dictam
815 1005 1042 1070 revocationem
1057 1002 1265 1086 ignoraverit,
1285 999 1452 1063 Ballumcr.
1474 998 1562 1061 decis.
1587 991 1659 1060 166.

383 1119 412 1184 3.
434 1118 620 1185 Declaratur
649 1116 744 1180 etiam
774 1114 900 1197 primos
916 1111 1086 1177 dummodo
1118 1110 1189 1176 talis
1217 1104 1366 1174 confessio
1396 1108 1439 1173 sit
1465 1106 1657 1182 verisimilia,

294 1232 388 1299 Grac.
418 1246 501 1292 cons.
532 1222 598 1287 262
620 1240 653 1289 6.
675 1219 737 1298 63,
763 1221 868 1285 Amat.
899 1222 988 1284 clasis
1020 1219 1142 1283 Marco.
1173 1215 1217 1281 28
1248 1234 1279 1280 6.
1308 1214 1368 1294 16,
1391 1215 1461 1280 Rot.
1484 1214 1574 1277 uocis
1595 1208 1656 1273 661

290 1359 323 1403 6.
347 1336 367 1399 5
387 1353 460 1418 pur.
483 1330 505 1394 2
527 1332 661 1409 licceat,
683 1345 791 1393 corum
815 1326 942 1409 Grepor.
969 1326 1034 1390 XV
1051 1328 1141 1402 decis.
1164 1323 1230 1388 276
1244 1341 1275 1389 6.
1291 1322 1322 1401 6,
1337 1335 1366 1388 et
1380 1338 1489 1388 66666
1506 1320 1659 1387 Gouola.

292 1451 381 1515 66666.
403 1441 469 1509 676
491 1461 523 1505 6.
544 1439 584 1517 2,
609 1439 661 1503 uhi
684 1437 762 1499 aliae
785 1435 955 1499 decisiones
978 1433 1170 1498 referuntur.

381 1550 410 1618 6.
433 1550 618 1616 Declaratur
638 1544 792 1619 seeundo,
816 1549 855 1608 ut
877 1544 921 1609 ita
944 1545 1071 1608 demum
1088 1544 1146 1607 ista
1160 1541 1309 1606 confessio
1324 1540 1451 1617 domino
1469 1535 1659 1621 praejudicet

290 1666 316 1731 si
340 1664 401 1728 luit
423 1661 580 1740 acceptata
604 1654 650 1720 vel
672 1656 711 1719 ab
731 1653 834 1736 iudice
857 1652 904 1718 vel
926 1670 944 1715 a
967 1658 1075 1734 parte,
1096 1669 1186 1716 secus
1207 1650 1298 1727 alias,
1330 1649 1364 1713 L.
1382 1647 1542 1728 66666666,
1563 1648 1597 1708 et
1617 1643 1656 1707 ilai

291 1777 392 1842 Allcr.
414 1791 445 1835 6.
467 1818 475 1832 .
496 1817 504 1831 .
527 1815 534 1830 .
557 1765 620 1829 666
651 1765 686 1828 ric
719 1764 834 1828 liberal.
865 1780 970 1839 suus,
994 1759 1059 1825 lus.
1081 1762 1115 1824 ia
1140 1760 1175 1824 L.
1206 1760 1263 1841 qui
1293 1757 1413 1822 Romae
1434 1752 1457 1839 §
1480 1751 1658 1817 wluereucs

291 1902 323 1948 6.
346 1877 369 1945 6
390 1878 420 1961 ff
438 1878 474 1940 alc
496 1872 575 1939 vert.
596 1870 683 1953 ollip.

377 1983 408 2049 7.
431 1981 616 2047 Declaratur
638 1980 753 2057 tertio,
782 1984 820 2044 ut
847 1979 1039 2060 praejudicet
1067 1977 1236 2042 dumuxat
1265 1975 1412 2041 conlesio
1442 1973 1521 2038 iacta
1544 1991 1560 2034 6
1585 1987 1656 2034 vero

290 2094 512 2176 procuratore,
536 2104 625 2152 secus
646 2086 672 2150 si
694 2086 749 2150 ssat
772 2103 788 2149 6
814 2090 1020 2168 procuratore
1041 2085 1134 2164 falso,
1158 2084 1285 2150 Ososcl.
1306 2086 1396 2148 decia
1419 2080 1462 2146 36
1485 2098 1517 2145 6.
1540 2077 1592 2143 36.

303 2190 311 2211 ’
378 2196 408 2261 8.
432 2196 617 2261 Declaratur
640 2199 773 2275 quarto;
796 2199 833 2259 ut
854 2195 1048 2277 praejudicet
1069 2199 1191 2259 tanturn
1214 2194 1246 2258 in
1268 2194 1377 2258 eadem
1407 2208 1499 2255 causa
1522 2193 1555 2253 et
1577 2188 1657 2252 inter

289 2307 412 2374 easdem
434 2322 597 2388 personas,
622 2301 718 2368 Burs.
742 2320 823 2367 coos.
845 2298 891 2367 76
912 2322 944 2367 6.
959 2300 1003 2366 76
1018 2302 1067 2367 ul.
1085 2301 1123 2382 1,
1139 2302 1283 2367 Mandas.
1298 2302 1334 2365 ia
1348 2300 1440 2364 tract.
1454 2299 1491 2361 tle
1505 2297 1656 2360 66666666.

289 2418 326 2479 io
344 2415 454 2495 primo
474 2411 659 2494 [6666616
681 2419 798 2492 666666
817 2412 1001 2491 praemisso.

375 2517 406 2583 9.
427 2518 520 2584 Secus
541 2522 648 2582 autern
669 2518 694 2581 si
717 2517 799 2583 adsit
820 2518 982 2584 diversitas
1003 2536 1115 2584 causae
1137 2524 1170 2584 et
1188 2517 1316 2600 judicii,
1338 2519 1385 2582 vel
1400 2518 1564 2583 diversitas
1580 2533 1651 2598 per-

287 2646 454 2702 sonarum,
478 2642 550 2690 narn
572 2622 621 2689 lais
651 2625 772 2690 6661666
801 2644 863 2689 666
894 2627 1139 2709 praejudicaret,
1162 2627 1209 2692 uti
1242 2627 1273 2691 in
1306 2625 1496 2691 confessione
1523 2623 1602 2689 iacta
1625 2622 1656 2684 in

286 2736 406 2800 diversa
429 2751 520 2799 causa
542 2739 576 2798 et
596 2732 717 2797 diverso
738 2731 875 2815 judicio,
899 2734 972 2797 Aoo.
994 2736 1030 2798 tu
1054 2754 1122 2816 cup.
1143 2753 1200 2816 par
1222 2735 1456 2817 6666666666
1472 2751 1504 2796 6.
1522 2730 1564 2794 16
1577 2748 1654 2794 cers

288 2842 339 2907 666
361 2841 435 2906 6666
458 2849 537 2906 eutr.
558 2840 595 2905 66
616 2839 715 2918 elect,
740 2839 839 2904 Folia.
861 2842 897 2905 io
921 2858 989 2922 cap.
1011 2838 1030 2903 1
1055 2843 1090 2905 ia
1112 2845 1216 2924 6666.
1238 2861 1269 2907 6.
1291 2892 1298 2907 .
1321 2893 1329 2907 .
1351 2851 1454 2907 cau.
1469 2850 1505 2907 ut
1521 2841 1573 2905 lite
1590 2856 1656 2904 666

288 2957 431 3026 catast,
455 2948 571 3013 Decius
592 2949 626 3010 a'a
650 2923 687 3010 L'.
712 2945 770 3026 15,
801 2949 890 3030 opud
911 2967 1004 3031 quera
1025 2957 1057 3014 6.
1080 2948 1124 3015 63
1147 2953 1210 3016 666.
1232 2953 1269 3017 66
1290 2953 1393 3026 auen,
1411 2959 1443 3016 ct
1464 2953 1501 3014 ia
1524 2968 1594 3032 cap.
1614 2950 1656 3012 66

286 3057 362 3120 lucc
384 3073 415 3118 6.
439 3102 446 3117 .
469 3101 478 3116 .
501 3102 508 3117 .
532 3062 611 3117 ectr.
633 3054 669 3118 ue
690 3057 837 3135 postulat.
857 3059 1002 3138 praelat,
1024 3056 1166 3124 Hoodcvl
1190 3079 1271 3125 eoas.
1286 3059 1329 3124 66
1345 3079 1377 3125 6.
1391 3056 1436 3123 76
1450 3060 1499 3124 66.
1518 3057 1546 3137 1,
1564 3058 1656 3140 Ceph.

287 3182 370 3229 cons.
393 3160 458 3226 377
481 3180 512 3226 6.
534 3160 578 3225 72
600 3172 629 3227 at
650 3158 694 3224 86
716 3164 764 3227 lib.
786 3161 827 3243 3,
851 3164 982 3231 Cardia.
1005 3167 1116 3232 Allan.
1139 3187 1221 3232 cous.
1235 3168 1257 3230 7
1273 3188 1304 3232 6.
1320 3169 1361 3243 5,
1378 3168 1491 3249 Afflict.
1505 3168 1594 3230 decis.
1613 3160 1656 3228 16

288 3270 533 3352 o.10,Ausrcr.
555 3272 597 3335 66
620 3270 736 3352 capell.
762 3273 880 3337 766166.
901 3275 991 3340 decis.
1013 3272 1096 3354 392,
1119 3275 1253 3341 Beroiavs
1268 3295 1350 3340 cous.
1367 3273 1432 3340 196
1447 3296 1479 3339 6.
1495 3272 1535 3338 29
1556 3273 1605 3337 ul.
1622 3269 1654 3348 3,

288 3378 394 3459 Anpel.
416 3375 501 3440 Aret:
532 3396 613 3442 coos.
647 3375 688 3472 13
709 3379 767 3443 sul
789 3395 820 3443 6.
841 3376 905 3456 28,
930 3381 1014 3447 iiim.
1040 3382 1112 3448 Sca.
1134 3402 1216 3448 coos.
1239 3381 1304 3447 666
1334 3404 1366 3449 6.
1388 3382 1410 3447 8
1433 3383 1482 3449 oo.
1501 3375 1543 3462 3,
1566 3383 1655 3448 liius.

281 3487 355 3567 aaa.
377 3503 459 3549 cons.
482 3482 547 3549 213
570 3505 602 3550 6.
622 3484 664 3547 21
690 3495 718 3551 ct
740 3484 801 3566 22,
820 3490 878 3569 qui
899 3488 942 3553 66
964 3492 1134 3573 communi,
1157 3493 1207 3556 ltu.
1229 3490 1269 3570 2,
1285 3491 1414 3557 &aaut
1436 3492 1480 3556 66
1510 3491 1603 3555 Vesta.
1617 3490 1655 3552 ia

284 3599 382 3678 plna.
405 3594 542 3660 noman
565 3591 643 3660 666.
665 3596 714 3660 aa
737 3594 758 3658 6
780 3613 848 3678 cup.
874 3596 915 3661 16
938 3619 970 3664 6.
994 3598 1054 3675 19,
1070 3601 1126 3683 qui
1140 3601 1260 3682 paritor
1274 3601 1487 3666 decommuui
1503 3605 1654 3676 tasum,

287 3701 392 3766 Amat.
414 3704 503 3767 dacia
528 3700 775 3768 8666666666
795 3723 828 3770 6.
850 3702 912 3781 66,
938 3708 1007 3774 lior.
1029 3709 1118 3774 decis.
1142 3705 1208 3772 276
1230 3727 1261 3774 6.
1284 3707 1305 3773 6
1325 3729 1398 3793 pur.
1420 3707 1575 3774 661666.

379 3805 428 3872 16.
449 3810 577 3899 Dicitur
597 3815 706 3876 autern
727 3813 760 3876 ln
782 3815 942 3897 proposito
964 3815 1120 3886 diversum
1141 3818 1312 3902 66616666,
1334 3819 1383 3883 vel
1410 3817 1535 3901 666666
1559 3819 1594 3884 lit
1615 3818 1653 3883 66

286 3907 444 3992 diversum
466 3911 578 3997 66666,
600 3916 741 3984 flanderi
764 3939 846 3986 cons.
868 3919 912 3987 89
934 3943 966 3988 6.
986 3923 1033 3987 72
1055 3926 1103 3991 lali.
1125 3923 1166 4002 2,
1192 3926 1262 3993 Ros.
1276 3929 1366 3994 decis.
1380 3925 1448 3992 726
1462 3948 1494 3993 6.
1510 3925 1532 3988 2
1544 3922 1655 4010 poni

286 4026 396 4090 diucrs.

314 4137 318 4146 ’
379 4131 428 4198 11.
449 4133 507 4201 Vel
529 4139 654 4218 quando
676 4144 844 4205 mutantur
864 4155 1033 4223 personae,
1055 4142 1149 4207 Guid.
1175 4143 1256 4225 Pup.
1285 4146 1374 4210 decis.
1407 4140 1468 4221 21,
1498 4143 1587 4207 Vaut.
1618 4144 1653 4205 in

286 4252 377 4307 tract.
396 4245 434 4308 66
457 4245 561 4310 nollit.
583 4249 618 4311 tn
640 4250 687 4311 tit.
709 4249 745 4312 66
768 4250 872 4313 nullia.
893 4268 934 4314 cau
956 4252 1064 4335 alescat
1086 4251 1240 4316 6666666.
1262 4271 1318 4316 scu
1340 4254 1481 4316 mandat.
1504 4270 1536 4315 6.
1558 4247 1609 4312 86.

376 4349 426 4417 12
446 4351 542 4433 Quod
563 4355 659 4422 66616
690 4356 838 4423 66616666
864 4359 1083 4440 ‘procuratoris
1112 4359 1192 4427 16616
1214 4360 1247 4426 in
1268 4360 1386 4443 judicio
1411 4359 1494 4424 inter
1518 4357 1654 4422 diversas

287 4469 433 4546 personas
463 4465 589 4530 domino
614 4483 674 4531 non
697 4468 908 4550 praejudicet,
939 4468 1049 4533 volunt
1071 4468 1143 4534 DD.
1164 4470 1202 4532 iu
1224 4485 1293 4549 rap.
1315 4485 1448 4534 6666666
1470 4483 1554 4549 praue
1574 4471 1654 4528 extr.

286 4571 322 4637 66
345 4573 456 4647 vatio,
481 4575 553 4638 Dae.
576 4575 611 4638 iu
633 4576 662 4639 6.
685 4576 721 4639 L.
744 4577 772 4640 is
794 4577 883 4658 opud
904 4594 997 4660 quem
1019 4595 1051 4641 6.
1072 4572 1117 4639 66
1138 4577 1202 4640 666.
1219 4578 1261 4640 ua
1283 4576 1390 4640 uena.

375 4679 424 4745 13.
447 4683 579 4747 Persona
611 4688 717 4748 autem
750 4686 868 4750 mutari
888 4684 1037 4762 ¹dicitur,
1059 4702 1121 4748 non
1153 4685 1254 4749 solum
1284 4682 1409 4766 quando
1439 4681 1594 4765 judicium
1618 4678 1655 4742 nt

286 4789 370 4856 iite'r
399 4791 535 4855 diversas
557 4808 719 4873 personas,
740 4793 793 4857 secl
814 4793 909 4857 etiam
931 4791 1057 4874 qnando
1079 4791 1116 4855 ut
1138 4792 1221 4856 inter
1242 4790 1384 4868 6666666,
1406 4787 1458 4854 sed
1493 4787 1592 4853 alana
1614 4784 1656 4850 de

284 4900 401 4966 actrice
422 4897 525 4964 evadit
549 4917 619 4980 rea,
640 4907 680 4965 ut
701 4900 838 4966 declarat
862 4900 932 4966 liet.
954 4900 1045 4964 deris.
1069 4896 1111 4961 12
1131 4899 1169 4963 dc
1191 4899 1332 4980 resnipt.
1354 4897 1391 4961 ia
1413 4903 1489 4961 666.
