3734 5750
513 343 570 413 DE
593 341 978 411 Pnocuunloulnlls.
1000 340 1089 409 CAP.
1112 342 1240 412 xcvii.
1371 394 1386 413 .
1496 340 1562 411 497

257 512 536 585 turronem
566 516 732 581 domiuum
763 513 901 595 cllipcrr
928 513 1034 595 nequit
1066 513 1196 593 iupiter
1225 531 1325 596 quum
1356 518 1494 579 eontinet

284 665 289 675 ·
392 626 592 690 mundatum.

256 736 309 803 37.
333 737 490 803 Multoties
511 752 578 797 oon
600 718 720 795 elicitur
742 729 845 811 epredi
866 730 1017 793 terminos
1038 729 1195 807 mandati,
1211 729 1280 792 licet
1294 727 1338 791 od
1356 747 1496 811 ααραααι

390 845 479 910 tenuo
499 844 577 926 liuor
598 858 664 904 nou
687 846 790 902 servet.

284 1166 312 1232 1.
335 1077 540 1235 Communis
560 1168 594 1230 et
615 1163 754 1248 sulpuris
774 1167 823 1231 est
838 1163 1004 1242 conclusio,
1027 1162 1111 1245 quod
1134 1168 1323 1247 procuretur
1345 1168 1472 1232 tenetur
1493 1167 1564 1230 dili-

190 1281 307 1362 genter
325 1276 478 1341 terminos
498 1279 532 1339 et
554 1274 630 1338 lines
659 1273 708 1339 sul
732 1272 870 1338 mundati
900 1272 1069 1351 custodire,
1090 1279 1123 1339 et
1145 1272 1212 1339 illos
1234 1275 1342 1359 egredi
1366 1294 1427 1340 nun
1451 1281 1564 1358 potest,

193 1387 230 1451 Ι.
253 1384 418 1467 ciiiipeutcr
436 1383 469 1467 ff
486 1383 610 1462 mand,
634 1379 670 1445 l.
692 1399 765 1445 cum
788 1381 936 1445 mundati
956 1379 1021 1445 cod
1043 1399 1077 1445 eo
1099 1383 1155 1460 tit,
1178 1399 1247 1464 cop.
1263 1398 1337 1446 cunt
1354 1383 1465 1448 dilecto
1481 1393 1561 1449 extr.

190 1493 228 1556 do
249 1494 389 1574 rescript.

281 1598 465 1664 «Munduti
486 1599 562 1664 lines
591 1601 667 1663 sunt
696 1597 864 1687 diligenter
894 1598 1108 1678 custodiendi,
1134 1598 1276 1665 ltomct.
1307 1602 1396 1667 decio
1419 1600 1464 1666 97
1487 1597 1562 1667 md

190 1726 213 1768 r
233 1720 306 1789 por.
332 1705 359 1771 1.
1087 1784 1091 1793 q

277 1835 297 1873 u
321 1815 513 1881 Procurator
543 1816 735 1882 constitutus
766 1816 805 1882 ud
829 1813 1049 1883 redimendum
1070 1835 1218 1899 censum,
1240 1819 1332 1886 debet
1353 1819 1393 1885 ud
1420 1838 1560 1905 unguem

188 1941 209 1981 u
233 1938 357 1986 servure
380 1921 514 1988 turmam
536 1923 692 2001 menduti,
719 1923 860 1989 lltomot.
882 1926 971 1991 decis
996 1922 1059 1989 141
1083 1948 1114 1991 u.
1140 1923 1182 1990 18
1202 1928 1325 2009 pcn2

279 2051 298 2090 o
323 2031 540 2096 Munduturius
561 2046 622 2095 nun
645 2036 748 2115 potest
770 2032 922 2098 excedere
945 2034 1021 2100 dues
1042 2016 1199 2114 mundati,
1223 2035 1293 2102 Rot.
1307 2039 1343 2101 in
1359 2036 1562 2104 Mentioned

186 2158 208 2199 u
239 2137 334 2204 θανά.
355 2141 393 2202 de
416 2139 493 2203 Luc.
513 2141 550 2204 de
567 2122 792 2220 iurisdictione
812 2140 861 2206 ill.
884 2139 906 2205 3
928 2142 1019 2207 deris
1043 2140 1060 2204 1
1085 2162 1117 2207 n.
1140 2142 1161 2206 5
1184 2152 1257 2208 tom.
1279 2142 1309 2210 3.

187 2307 189 2311 ,
281 2270 299 2309 u
324 2249 415 2314 Fines
430 2249 568 2314 mundati
589 2249 757 2333 diligenter
779 2255 812 2315 et
834 2250 872 2314 ad
890 2266 1029 2333 unguem
1044 2255 1119 2316 suut
1132 2252 1291 2332 servandi,
1307 2252 1376 2319 not.
1392 2254 1480 2318 doeio.
1496 2248 1561 2318 516

185 2378 207 2419 u
236 2377 267 2421 n.
288 2352 310 2419 d
329 2375 404 2439 por.
424 2353 447 2420 4
468 2367 541 2422 tom.
564 2355 582 2419 1
607 2367 634 2421 et
657 2349 891 2422 recredita.
914 2354 958 2420 2ὖ
980 2376 1052 2438 ραν.
1075 2354 1095 2421 5
1119 2368 1191 2421 tom.
1218 2356 1233 2419 1
1261 2358 1386 2425 Reocut.

279 2486 299 2525 o
321 2465 410 2532 Unde
447 2466 630 2531 mundatum
668 2464 821 2531 excedens
858 2483 920 2530 non
957 2465 1075 2532 dicitur
1112 2464 1190 2532 illud
1221 2466 1455 2551 adimplevisse,
1486 2468 1557 2534 Boi.

184 2594 206 2634 u
234 2572 323 2636 decis
347 2568 412 2635 373
433 2592 465 2637 α.
486 2570 532 2637 94
552 2591 623 2656 pur.
643 2570 667 2638 4
687 2583 761 2639 tom.
785 2573 803 2637 1
830 2573 956 2641 Reoout.
981 2563 982 2566 ¹

279 2682 413 2746 «Fines
436 2682 572 2747 mundati
595 2683 635 2748 ud
657 2670 798 2766 ‘unguem
827 2687 902 2748 sunt
931 2683 1132 2763 observandi,
1157 2682 1226 2749 Rot.
1257 2683 1347 2747 decis.
1375 2680 1436 2746 151
1462 2703 1493 2748 n.
1519 2682 1559 2745 17

183 2811 205 2851 ε
232 2805 305 2871 ραν.
329 2787 370 2852 to
393 2798 421 2853 et
444 2789 533 2854 deris.
555 2788 598 2852 tx
621 2809 653 2853 n.
676 2788 720 2852 22
739 2808 811 2873 ραν.
837 2789 879 2853 12
902 2790 1030 2857 flerent.

280 2897 418 2962 «Nemo
446 2901 553 2962 tumen
583 2900 798 2981 praesumitur
829 2899 913 2981 qnod
945 2902 1079 2967 vuluerit
1109 2901 1263 2966 excedere
1296 2901 1371 2966 flues
1403 2903 1561 2983 mandeti,

184 3023 206 3067 s
235 3005 306 3071 ltor.
328 3005 420 3070 decis
446 3003 508 3070 lot
530 3027 561 3072 u
586 3005 629 3069 12
649 3025 722 3089 ραν.
744 3005 766 3071 7
790 3007 915 3074 Rcceot.

279 3110 309 3176 2
332 3113 475 3179 ldcnduti
499 3120 606 3180 cutem
629 3115 764 3181 lormum
786 3133 827 3181 ex
848 3119 930 3183 serie
952 3117 1149 3199 etqualitate
1164 3119 1332 3183 verborum
1348 3115 1559 3201 procuratorii

179 3217 386 3300 wanliam
408 3237 492 3300 esse,
514 3223 591 3289 dicit
615 3223 697 3289 non
723 3223 795 3290 Seu.
819 3224 966 3292 constit
989 3225 1134 3291 uoltu
1158 3225 1196 3306 1,
1227 3228 1314 3292 Vaut.
1336 3228 1372 3292 dc
1397 3227 1500 3290 uultis.
1525 3228 1569 3290 ἐπ’

180 3328 235 3390 tit.
260 3326 297 3390 do
319 3329 422 3394 nollit
453 3349 493 3394 co
524 3330 638 3424 desert..
662 3333 814 3397 tonantio.
846 3353 877 3398 re
906 3331 969 3414 75,
1002 3333 1129 3398 Bertoz.
1160 3353 1242 3398 cous.
1273 3335 1354 3399 civil.
1376 3331 1420 3396 70
1443 3353 1475 3398 n.
1500 3330 1560 3410 12,

182 3426 313 3514 tuopte
337 3436 483 3502 Ludooic.
505 3440 594 3504 decis.
621 3440 731 3505 Porus.
756 3437 818 3504 117
842 3460 874 3506 o.
898 3438 958 3522 14,
982 3441 1051 3508 Rot.
1074 3440 1213 3507 Geouen.
1234 3445 1324 3509 decio.
1348 3441 1413 3506 102
1434 3462 1465 3508 u.
1489 3444 1560 3520 ult,

183 3540 323 3608 Cursor.
347 3543 487 3611 Manent.
510 3547 599 3612 doris.
622 3543 667 3611 tl
688 3567 719 3613 n.
742 3544 795 3613 io.

279 3650 310 3716 3
332 3651 424 3757 Quod
438 3656 581 3737 procedit
602 3658 697 3721 etiem
719 3658 745 3722 si
770 3658 801 3721 iu
824 3659 1044 3740 procuratorio
1059 3658 1164 3724 nullus
1178 3676 1266 3723 ocsus
1281 3658 1491 3740 exprimetur,
1506 3653 1559 3720 sed

180 3761 384 3826 emistltuens
405 3762 459 3827 det
481 3766 679 3845 procuratori
709 3765 873 3831 luculmtes
902 3784 1064 3848 expressus
1087 3767 1118 3830 in
1146 3766 1207 3831 eliu
1237 3766 1464 3841 instrument03
1488 3777 1560 3823 num

180 3869 267 3935 nuto
289 3871 486 3953 procuratori
508 3871 696 3955 intelligitur
719 3872 887 3938 dumtaxat
901 3872 972 3937 datu
988 3872 1117 3938 incultus
1137 3873 1219 3935 circe
1234 3886 1379 3954 expresse
1396 3869 1426 3931 in
1442 3867 1561 3931 iustru-

180 3981 297 4043 mentu
320 3978 465 4061 adunco
488 3980 550 4046 tult
570 3979 651 4046 luctu
674 3981 803 4060 relatio,
829 3979 922 4048 Grac.
952 4000 1033 4046 conc.
1058 3976 1123 4044 247
1146 3998 1177 4043 α.
1198 3977 1221 4039 2
1241 3979 1290 4042 tto.
1313 3975 1352 4058 2,
1375 3975 1483 4054 Bure,
1506 3973 1561 4054 qul

179 4086 250 4153 noe
273 4096 416 4168 exornet,
440 4109 522 4155 eone
545 4087 611 4155 395
634 4109 665 4154 α.
689 4087 728 4152 11
754 4107 828 4153 rum
850 4106 929 4173 sopp.
952 4090 1002 4154 tio.
1024 4086 1054 4154 4.

278 4191 309 4260 4.
330 4195 424 4277 Quod
446 4198 471 4262 si
495 4202 684 4280 procurator
705 4195 823 4280 aliquid
846 4204 954 4263 contre
977 4203 1118 4263 tenorem
1141 4199 1174 4260 et
1196 4195 1328 4258 turmam
1352 4193 1401 4258 sui
1426 4190 1561 4256 mundati

175 4305 292 4385 faciut,
314 4307 343 4371 id
366 4310 472 4372 totum
494 4294 615 4371 nullum
636 4312 685 4372 est
707 4312 740 4372 et
762 4305 940 4385 invalidum,
964 4307 1035 4369 Dee.
1058 4323 1141 4368 cous
1161 4297 1208 4364 77
1229 4322 1260 4366 n.
1277 4299 1307 4381 1,
1322 4300 1377 4384 qui
1392 4300 1562 4382 profitetur

179 4417 270 4482 nane
291 4431 357 4482 esse
379 4432 577 4480 communem
610 4415 772 4499 regulum,
798 4412 866 4479 Soc.
899 4413 976 4477 lou.
1008 4431 1092 4476 conc
1122 4409 1166 4473 22
1197 4429 1228 4473 α.
1252 4404 1294 4472 14
1316 4408 1366 4472 lib.
1389 4404 1428 4481 3,
1456 4403 1559 4469 noem

176 4523 454 4604 consilini,
487 4524 623 4587 Muzzol.
657 4543 739 4588 cons.
772 4520 816 4586 98
847 4541 878 4585 o.
903 4519 942 4596 1,
967 4520 1063 4584 Burs.
1095 4520 1123 4583 d.
1153 4536 1237 4583 cous.
1268 4512 1333 4579 395
1364 4534 1396 4578 n.
1421 4509 1462 4574 12
1483 4529 1559 4574 otro.

175 4611 384 4712 secundum,
409 4633 492 4699 lituu
517 4631 590 4699 teo.
612 4650 694 4697 cous
716 4626 782 4696 4115
805 4650 836 4695 n.
860 4626 901 4692 lo
925 4629 973 4693 ro.
996 4627 1036 4705 3,
1063 4625 1157 4693 Surd.
1181 4644 1264 4690 cons.
1280 4620 1345 4686 1ot
1360 4640 1392 4685 n.
1407 4617 1450 4681 27
1465 4617 1514 4681 lit.
1532 4613 1559 4676 1.

282 4762 300 4801 r
323 4742 514 4807 Procurator
535 4759 596 4805 non
620 4745 722 4825 potest
743 4737 895 4804 excedere
917 4737 994 4802 flues
1016 4736 1163 4818 mundati,
1186 4739 1219 4800 et
1233 4735 1260 4801 si
1275 4730 1416 4813 excedat,
1431 4727 1560 4793 nulliter

179 4869 204 4908 u
226 4848 323 4931 ugst,
350 4849 464 4913 Polme
487 4848 589 4932 Nepos
608 4849 700 4914 decit.
721 4845 764 4913 89
788 4867 818 4913 u
841 4846 881 4910 21
908 4847 958 4913 tic.
983 4844 1010 4910 1.

1320 4947 1484 5052 63Ι
