3734 5750
513 398 568 464 DE
593 389 975 461 euocunnuunluus
996 392 1083 457 CAP.
1105 393 1208 459 XXX.
1472 386 1538 454 ttr-

190 565 345 629 inlrerente
366 576 511 643 personne
533 559 583 623 illa
605 564 653 624 est
674 558 762 641 plene
783 556 956 641 pomnen,
980 574 1042 640 que
1058 565 1218 639 movetur,
1237 561 1379 642 Perper.
1395 583 1477 632 com.
1490 566 1531 628 71

59 704 62 709 -
188 694 216 737 ιι.
237 668 300 747 25,
323 680 351 735 ct
373 687 455 733 conc
477 664 542 731 292
564 687 596 731 o.
618 664 658 742 3,
682 666 812 730 Ηιωῗαη.
833 666 862 729 d.
884 683 964 729 coos.
987 661 1030 726 65
1053 685 1085 729 n.
1109 663 1148 727 11
1172 673 1199 729 ct
1219 668 1311 748 iscire
1334 668 1382 733 lid.
1404 668 1433 734 5.

274 776 321 842 lo.
341 774 462 855 Quare
485 776 567 841 rutio
589 774 710 838 adnecti
731 777 851 856 potest,
872 790 953 854 quse
974 790 1047 836 cum
1069 774 1169 856 prime
1193 773 1316 838 videtur
1345 792 1534 862 cougmere3

185 887 257 966 quie
271 882 454 948 mundatum
469 887 517 947 est
530 881 681 962 quuedm
694 882 871 946 solemnitas
883 880 1067 959 extrinsece,
1082 885 1119 945 ut
1138 880 1215 945 hene
1228 881 1355 948 deducit
1371 883 1483 949 Simon
1497 890 1533 953 dc

186 993 309 1059 Proetis
331 1009 413 1055 coos.
434 988 479 1053 79
502 1009 533 1053 c.
555 989 576 1052 5
597 1007 673 1052 vers.
695 990 771 1052 dccc
793 996 917 1065 oulen,
940 996 968 1051 ct
989 989 1080 1070 intro
1104 988 1153 1052 lid.
1176 986 1213 1063 1,
1240 1005 1321 1070 quee
1347 991 1534 1074 regulariter

184 1099 342 1181 praesumi
362 1116 425 1163 nou
445 1097 540 1176 solet,
562 1097 597 1160 1.
619 1097 796 1175 sciendum3
815 1099 849 1161 et
870 1096 912 1160 ihi
933 1096 1144 1160 communiter
1166 1098 1333 1163 scribentes
1355 1096 1436 1179 ffdc
1457 1101 1535 1165 eorl.

183 1205 321 1287 obliget,
342 1204 440 1269 etita
461 1205 699 1286 argumentatur
724 1202 867 1283 Perper.
889 1220 972 1266 coos.
994 1200 1036 1264 27
1059 1220 1090 1265 n.
1115 1200 1155 1266 17
1178 1205 1226 1269 lto.
1250 1204 1277 1269 1.

274 1313 323 1378 11.
344 1314 426 1379 llaec
448 1318 553 1377 eutem
583 1312 737 1377 conclusio
767 1311 954 1393 amplietur,
977 1315 1014 1375 ut
1044 1327 1099 1375 nec
1130 1312 1226 1375 etiem
1257 1322 1474 1396 praesumetur
1496 1319 1535 1381 ob

183 1419 304 1503 lnpsum
324 1420 490 1503 longissimi
512 1422 680 1502 temporis,
704 1418 792 1483 Alex.
814 1421 849 1483 io
874 1417 908 1482 1.
930 1420 987 1501 qui
1007 1419 1115 1483 alieno
1138 1421 1173 1485 io
1192 1423 1296 1502 price.
1317 1442 1349 1486 o.
1373 1422 1411 1486 11
1427 1425 1470 1488 cd
1483 1425 1535 1507 tto.

181 1528 215 1610 ff
229 1532 266 1594 dc
285 1532 403 1611 acquir.
427 1529 548 1593 locrcd.
569 1547 652 1592 coos.
676 1526 693 1590 1
718 1547 749 1591 o.
775 1525 815 1590 19
839 1523 948 1605 1111,
970 1536 996 1590 ct
1020 1545 1105 1591 conc·
1128 1524 1187 1590 191
1212 1546 1244 1591 u
1261 1524 1349 1592 151.
1365 1528 1404 1606 6,
1420 1530 1535 1593 licetur

181 1655 264 1701 coos.
286 1635 349 1699 215
369 1655 401 1699 o.
423 1634 463 1711 2,
488 1636 588 1701 Boin.
609 1653 692 1700 coos.
715 1630 757 1697 11
779 1654 812 1698 o.
838 1631 877 1696 19
901 1634 948 1698 lid.
974 1632 1009 1709 1,
1034 1644 1062 1698 et
1082 1652 1164 1698 coos.
1188 1631 1230 1696 28
1253 1634 1309 1698 suo
1330 1654 1362 1699 n.
1380 1632 1420 1697 19
1436 1629 1536 1711 1111,

182 1741 249 1807 Soc.
273 1742 346 1808 duo.
368 1762 451 1808 coos.
473 1741 516 1806 56
539 1763 570 1807 ιι.
593 1741 614 1804 2
636 1752 664 1806 ct
685 1760 780 1826 sopp,
802 1752 829 1807 ct
845 1742 1006 1823 signanter
1021 1762 1052 1806 o.
1068 1742 1151 1807 511.
1168 1741 1206 1821 1,
1223 1741 1453 1807 Omxtdccis.
1471 1741 1533 1805 175

180 1872 210 1916 n.
231 1847 273 1926 1,
300 1852 392 1919 Creo.
414 1853 451 1916 dc
480 1853 578 1933 antip.
608 1861 734 1933 tempor.
764 1859 848 1932 port.
870 1847 892 1910 2
913 1869 945 1914 n.
969 1846 1029 1924 58,
1056 1850 1200 1931 Perper.
1230 1866 1312 1914 coos.
1342 1844 1408 1913 188
1431 1868 1463 1913 n.
1492 1846 1533 1911 19

140 2044 142 2048 ³
179 1957 227 2022 lii.
250 1955 291 2035 2,
314 1957 453 2023 Hooded.
474 1976 556 2022 coru.
579 1954 622 2022 58
644 1978 675 2023 o.
701 1955 741 2022 15
763 1958 811 2022 lid.
835 1957 873 2035 1,
895 1956 1053 2023 Bertczol.
1077 1977 1161 2022 coos.
1181 1954 1248 2021 112
1270 1978 1301 2023 o.
1322 1957 1344 2022 9
1366 1956 1452 2022 line
1473 1959 1536 2020 cri·

178 2067 278 2145 min,
300 2075 328 2129 ct
350 2083 432 2128 cons.
457 2062 473 2127 1
497 2085 528 2128 o.
545 2063 624 2146 159,
645 2065 753 2130 ubido
767 2067 867 2150 magis
880 2066 1041 2131 communi
1055 2066 1104 2131 lio.
1123 2064 1139 2128 1
1157 2068 1254 2145 cioit,
1272 2065 1380 2143 Sord,
1402 2069 1458 2148 qui
1479 2083 1534 2149 pr·

178 2171 261 2236 riter
283 2171 338 2262 de
352 2172 452 2255 magis
480 2173 654 2250 communi,
677 2191 758 2236 cons.
780 2169 823 2236 58
844 2190 876 2237 o.
898 2171 940 2237 81
964 2174 1012 2238 lid.
1040 2171 1077 2253 1,
1101 2163 1240 2238 ilcooct.
1262 2175 1293 2239 d.
1309 2192 1470 2256 peanum.
1491 2170 1534 2237 55

178 2296 210 2341 n.
238 2273 352 2343 1151.
374 2276 412 2356 2,
434 2279 490 2359 qui
512 2278 628 2343 multos
649 2277 790 2361 allegent.

273 2382 322 2447 12
345 2385 449 2450 letum
471 2390 541 2467 post
561 2385 680 2468 lapsum
711 2390 837 2450 centum
866 2403 1038 2464 annorum,
1071 2390 1143 2455 Dec.
1173 2408 1256 2455 coos
1288 2387 1344 2466 56,
1363 2412 1393 2457 c.
1417 2392 1438 2456 5
1459 2411 1535 2459 cers.

181 2493 316 2554 mecedo
338 2492 433 2573 puio,
457 2493 540 2557 ilios.
564 2492 640 2557 duo.
662 2511 743 2557 coos
764 2490 833 2557 721
853 2514 884 2558 n.
910 2493 972 2557 199
994 2496 1043 2558 lid.
1057 2492 1093 2574 6,
1108 2494 1231 2561 ductim
1249 2498 1439 2566 Pcocirolcr
1454 2520 1535 2565 cons.

186 2596 248 2661 112
270 2619 302 2663 π.
326 2595 377 2662 56.

273 2706 322 2772 15.
342 2708 443 2787 immo
466 2707 587 2773 Baldos
608 2712 644 2772 io
666 2708 701 2771 L.
728 2706 744 2770 1
768 2710 803 2773 in
822 2711 927 2789 princ.
949 2711 1012 2772 cod
1035 2710 1072 2773 de
1093 2709 1152 2774 red.
1173 2711 1265 2773 elice
1288 2728 1353 2773 oon
1380 2711 1535 2789 alienon,

183 2821 209 2876 et
231 2816 267 2878 in
291 2812 327 2878 L.
349 2811 370 2875 2
392 2815 455 2880 cod
475 2818 503 2880 si
522 2835 562 2882 eo
583 2818 661 2900 sels.¹
676 2818 821 2881 ieronem.
843 2813 965 2902 (volens
985 2822 1194 2883 asseveranter
1214 2818 1340 2883 demere
1361 2816 1441 2883 hunc
1462 2836 1534 2883 con-

183 2918 369 3005 clusionern)
391 2922 474 2989 dixit
496 2925 676 2990 mandatum
690 2942 751 2989 non
766 2927 923 3007 praesumi
937 2927 1032 2990 etiem
1047 2930 1117 3007 post
1132 2925 1250 3007 lapsum
1266 2925 1351 2991 mille
1364 2943 1535 2999 annorum,

184 3046 282 3110 quem
311 3035 411 3095 umen
437 3049 499 3116 ego
529 3034 675 3098 existimo
706 3032 765 3097 hoc
794 3032 909 3097 dixisse
941 3037 978 3097 ut
1008 3032 1286 3115 comprehenderet
1306 3049 1536 3112 quamcumque

184 3137 604 3218 temporisdiuturnitntem,
620 3141 715 3205 etiem
737 3140 866 3223 triginta
888 3140 936 3204 vel
958 3140 1164 3224 quadraginta
1185 3156 1355 3218 annorum,
1370 3139 1454 3220 quod
1469 3139 1535 3204 lou-

184 3242 346 3325 gissimum
369 3251 553 3328 reputetur,
577 3245 673 3312 Gloss.
694 3245 871 3318 commiti
892 3257 1009 3331 quaest.
1031 3246 1069 3325 2,
1091 3256 1119 3311 et
1140 3249 1176 3310 io
1192 3246 1227 3310 L.
1241 3248 1270 3311 si
1283 3249 1355 3330 puis
1368 3250 1534 3328 emptionis

184 3349 247 3414 cod
269 3351 306 3414 dc
327 3352 553 3433 praeteritis)
574 3352 685 3420 oeldo
707 3372 803 3434 aon„
823 3360 856 3420 et
877 3357 945 3438 ejus
966 3355 1154 3420 auctoritate
1176 3354 1310 3421 Bermtss
1331 3357 1359 3420 d
1381 3374 1462 3421 coos.
1494 3356 1532 3419 11

185 3473 215 3518 n
235 3453 257 3519 9
280 3458 329 3522 lid.
350 3456 390 3539 5,
419 3460 588 3528 111111ιέ.
612 3459 677 3527 551
697 3482 728 3529 o.
750 3459 794 3527 51
812 3473 898 3545 port.
921 3461 960 3543 5,
983 3464 1090 3528 uelde
1112 3467 1254 3546 tempore
1276 3466 1364 3546 cujus
1382 3466 1531 3530 memoris

186 3580 248 3626 nou
270 3566 378 3631 existit
399 3568 431 3633 in
452 3571 662 3650 contrarium,
675 3572 764 3655 juxte
786 3571 868 3636 dicte
890 3589 946 3654 per
968 3570 1120 3637 Beroium
1140 3571 1168 3635 d
1191 3588 1273 3635 coos.
1294 3567 1333 3633 11
1349 3590 1381 3636 n.
1395 3568 1417 3634 8
1432 3581 1459 3635 ct
1474 3592 1532 3656 sep.

188 3667 273 3734 Natt.
294 3690 374 3738 cons.
396 3672 461 3737 526
483 3697 514 3743 n.
534 3677 556 3742 9
579 3697 655 3743 cers.
683 3688 846 3762 praetereo
870 3688 898 3743 et
919 3681 1011 3762 iissre
1034 3679 1083 3744 lid.
1107 3675 1145 3758 5,
1167 3680 1255 3760 quusi
1288 3677 1381 3746 nau.
1403 3681 1537 3745 voluerit

185 3779 445 3860 comprehendere
475 3789 614 3870 tempus,
642 3792 770 3869 propter
801 3787 886 3869 quod
917 3788 1093 3870 insurgeret
1123 3786 1351 3869 impossibilitas
1386 3784 1534 3868 probandi

185 3889 385 3966 mundatum,
409 3910 489 3973 quse
511 3895 646 3978 insurgit
666 3896 761 3960 etiem
775 3913 817 3960 ex
831 3895 917 3978 lapsu
932 3893 1137 3978 quadmginta
1151 3910 1319 3971 annorum,
1331 3895 1422 3975 juxte
1439 3891 1537 3956 Boio.

184 4014 265 4060 cccc.
282 3995 325 4061 25
339 4019 372 4064 o.
389 3999 429 4065 18
444 4002 493 4066 lid.
517 4001 553 4080 1,
575 4002 648 4066 dot.
670 4001 874 4068 Godncdicm
896 4005 931 4064 io
953 4004 997 4065 tit.
1018 4002 1054 4064 dc
1074 4017 1201 4082 procur.
1224 4000 1358 4063 corceles.
1381 3994 1399 4057 1
1424 4012 1455 4057 o.
1478 3990 1534 4072 21,

185 4104 273 4170 Alex.
295 4124 378 4174 coos.
400 4106 465 4174 218
487 4130 518 4175 o.
541 4109 563 4174 9
584 4121 613 4175 ct
633 4129 710 4194 seqq.
733 4111 782 4174 lid.
804 4107 833 4175 6

275 4210 325 4278 11.
345 4212 433 4294 Quae
454 4217 680 4300 impossibilitas
701 4233 762 4283 non
784 4219 917 4284 hebetur
940 4217 971 4282 in
993 4215 1235 4282 consideratione
1260 4211 1303 4288 ¹ed
1331 4210 1476 4275 ellectum
1499 4215 1535 4274 ut

185 4328 404 4403 praesumetur
426 4327 625 4405 mundatum,
650 4325 739 4393 Curt.
764 4325 833 4391 Sco.
855 4327 983 4405 loquens
1004 4324 1043 4388 de
1058 4323 1144 4405 lepsu
1159 4320 1368 4385 ducentorum
1382 4333 1533 4381 annorum

186 4450 266 4497 coos
288 4431 332 4496 75
356 4453 388 4498 n.
409 4434 430 4498 5
451 4454 528 4500 cere
550 4437 592 4500 sic
613 4436 649 4500 de
671 4436 793 4500 directo.
1264 4473 1268 4476 -
1289 4418 1293 4425 ’
1324 4509 1326 4512 ,
1357 4423 1372 4441 ’“

274 4537 323 4603 15.
345 4543 433 4609 Licet
459 4544 533 4608 olins
564 4547 690 4625 propter
721 4542 998 4626 impossibditntem
1027 4536 1196 4624 probandi,
1226 4535 1354 4599 leviores
1384 4533 1536 4598 sufficiunt

187 4651 397 4731 probationes,
420 4650 504 4718 Natt.
534 4648 710 4716 1011285
731 4671 762 4716 o.
784 4649 806 4715 8
828 4651 877 4715 lid.
901 4647 941 4727 2,
962 4647 1106 4728 sequitur
1148 4642 1230 4709 iiim.
1261 4641 1353 4704 don..·
1367 4658 1448 4705 coos.
1473 4635 1534 4701 157

187 4774 216 4819 n.
236 4753 281 4820 29
302 4758 352 4822 lid.
376 4757 413 4837 1,
434 4765 466 4825 et
488 4760 567 4825 hene
589 4759 682 4825 luisse
700 4777 825 4825 censern
846 4777 905 4822 cur
928 4756 1021 4821 Buld.
1043 4771 1118 4819 usus
1139 4751 1236 4818 tuerit
1257 4754 1322 4815 tem
1350 4748 1448 4814 effuso
1470 4764 1534 4812 ser-

188 4883 284 4931 mone
304 4869 406 4949 Quem
430 4874 531 4934 temen
555 4869 596 4933 itu
619 4869 795 4949 loquentem
819 4870 996 4947 sequuntur
1020 4862 1116 4928 Recio.
1137 4877 1218 4924 cone
1240 4853 1283 4920 28
1305 4875 1337 4921 n.
1363 4854 1403 4919 19
1426 4852 1473 4918 lid.
1495 4846 1534 4927 1,
