3734 5750
327 326 393 393 iil
753 324 952 395 LUDOVlGl
976 327 1096 395 cunct
1121 329 1265 397 Tuscu.

392 497 443 561 39.
467 496 536 562 Nisi
559 496 745 561 substituens
768 499 797 560 ei
816 497 963 561 concedet
984 498 1170 579 secubatem
1192 501 1369 563 limitatum.

391 603 443 670 30.
468 606 664 671 Procurator
695 606 811 670 babens
838 605 1045 670 substituendi
1074 607 1261 689 saeubatem
1282 609 1311 671 si
1332 624 1437 672 unum
1459 609 1624 673 substituat

523 724 550 778 et
571 721 678 795 postea
700 714 846 787 alterum,
869 731 927 794 per
949 713 1123 778 secuudum
1146 713 1333 795 intellioitur
1355 723 1499 779 reuocata
1519 717 1627 797 prima

525 823 709 887 substitutio.

391 930 442 997 31.
467 932 665 996 Procurator
687 948 742 995 rese
765 948 907 1012 saprum
928 949 985 995 mec
1007 933 1100 996 tacite
1121 930 1325 995 substitutum
1356 945 1501 995 reuocare
1530 938 1626 1012 potest

523 1058 557 1105 re
580 1057 646 1104 uon
667 1040 801 1118 intepra

391 1146 443 1212 32.
469 1147 565 1213 Secus
580 1165 652 1211 aero
666 1147 694 1210 si
705 1155 899 1229 promrotor
913 1145 1024 1210 babeat
1044 1146 1230 1229 facultatem
1252 1145 1459 1217 substituendi
1477 1163 1517 1208 ae
1531 1145 1624 1207 etiam

522 1256 692 1321 reuocandi
711 1257 799 1320 toties
813 1256 934 1337 quoties
957 1255 1015 1320 sibi
1036 1254 1188 1319 mmmm
1209 1254 1362 1336 expedire.

391 1362 443 1430 33.
467 1365 614 1430 Attanum
637 1373 738 1428 stante
759 1363 820 1427 bac
840 1363 995 1445 tucsdtate
1018 1349 1172 1427 revocatio
1194 1362 1263 1444 fieri
1284 1361 1366 1428 debet
1388 1377 1538 1442 expresse.

392 1469 442 1535 dl.
468 1473 668 1536 Procurator
699 1471 901 1536 substitutum
923 1486 958 1533 re
980 1471 1104 1551 intepra
1136 1479 1204 1534 tam
1233 1486 1376 1550 repressi
1407 1485 1503 1552 quam
1535 1468 1626 1530 tacite

521 1595 667 1643 reuocare
684 1587 792 1659 potest.

390 1682 441 1748 35.
465 1684 534 1750 Nisi
555 1686 744 1752 substitueres
775 1687 986 1767 comportatio
1013 1704 1074 1767 pro
1106 1701 1220 1750 causae
1250 1688 1432 1770 &tenuem
1454 1686 1493 1750 sit
1520 1691 1625 1765 prote-

521 1798 622 1858 status
642 1792 727 1876 quod
748 1811 814 1858 uon
837 1794 972 1859 intendit
994 1809 1138 1859 reuocare
1161 1812 1234 1858 suos
1256 1794 1445 1859 substitutos.

390 1898 441 1965 36.
465 1901 677 1967 Reoocoretur
701 1903 796 1967 etiam
818 1902 1006 1967 substitutus
1026 1903 1055 1964 si
1075 1900 1263 1965 substituens
1284 1902 1386 1964 alium
1407 1900 1611 1964 substitueret.

389 2007 440 2073 37.
467 2008 503 2076 Si
524 2018 630 2074 tumere
652 2010 808 2075 secundus
829 2009 1072 2075 substitueretur
1090 2009 1135 2072 ad
1156 2009 1237 2073 idem
1260 2010 1303 2073 ad
1323 2008 1406 2089 quod
1426 2008 1536 2087 fuerat
1557 2001 1625 2082 pri

523 2136 595 2182 mus
617 2118 811 2183 substitutus.

391 2220 443 2288 38.
470 2225 667 2290 Procurator
688 2226 801 2290 desiuit
823 2226 895 2290 talis
916 2244 978 2290 esse
1000 2229 1027 2291 si
1048 2226 1231 2307 simpliciter
1253 2236 1280 2290 et
1303 2228 1339 2290 in
1362 2233 1463 2290 totum
1486 2221 1626 2300 transfe-

521 2343 574 2398 rut
597 2335 675 2398 uices
696 2351 774 2399 suos
795 2336 832 2398 iu
853 2334 1065 2403 substitutum.

390 2437 440 2505 33.
466 2440 563 2507 Secus
584 2442 612 2505 si
632 2441 691 2506 sibi
717 2443 885 2507 reuocandi
904 2445 1091 2526 fucultatem
1112 2452 1250 2508 reservet.

819 2574 847 2647 ‚t

727 2690 731 2697 .
839 2664 846 2707 l

410 2789 669 2959 Explicavimus
684 2877 715 2941 in
730 2877 987 2959 praecedentibus
1000 2877 1155 2960 capitibus
1163 2894 1201 2942 un
1216 2882 1250 2942 et
1263 2878 1295 2941 in
1310 2877 1425 2958 quibus
1438 2871 1559 2939 ossibus
1575 2882 1685 2951 procu·

324 2986 411 3047 retur
433 2984 625 3049 constitutus
645 2989 710 3049 tem
733 2984 772 3050 ud
796 2984 865 3051 lites
878 2991 911 3051 et
924 2984 1091 3069 judicialis,
1111 3003 1206 3065 quum
1228 2984 1268 3049 ud
1290 2985 1420 3069 negocia
1434 2984 1514 3048 sitm
1534 2976 1684 3062 judicium

321 3089 516 3172 peragenda,
539 3091 634 3173 possit
655 3092 752 3156 elium
775 3092 806 3155 in
829 3091 932 3157 locum
955 3111 1049 3159 suum
1070 3093 1213 3158 sufficere
1235 3098 1269 3158 et
1290 3093 1490 3160 substituere.

410 3197 559 3281 Superest
581 3203 619 3263 ut
640 3217 699 3281 pro
714 3200 823 3283 mejeri
845 3200 1067 3266 dilucidatione
1090 3200 1185 3285 hujus
1206 3202 1354 3266 neeriae
1375 3200 1497 3280 eliqnes
1516 3190 1685 3260 dometio-

321 3322 375 3369 nes
396 3305 607 3373 dissolvamus

413 3410 440 3477 t.
462 3414 569 3479 Primo
591 3415 699 3498 itaque
721 3416 887 3483 dubitetur
900 3435 941 3482 an
963 3418 989 3483 si
1010 3418 1052 3484 sit
1073 3420 1264 3485 eomtitutus
1285 3421 1475 3501 procuretur
1495 3431 1569 3480 cum
1589 3404 1685 3474 iasub

321 3521 385 3583 tute
406 3520 626 3601 substituendi,
645 3524 773 3604 utque,
796 3526 851 3606 qui
873 3526 915 3592 sit
938 3525 1081 3593 inhibitis
1101 3529 1140 3594 ed
1164 3527 1395 3605 exercendum,
1425 3540 1542 3590 munus
1572 3533 1685 3603 procu·

321 3625 451 3692 rationis
473 3625 667 3713 (dequibus
696 3631 817 3697 dictum
839 3634 901 3700 tuit
922 3653 1017 3718 supru
1039 3654 1108 3718 cap.
1132 3634 1257 3720 XXII)
1290 3636 1342 3701 ille
1364 3634 1460 3719 possit
1482 3632 1593 3697 sutum
1615 3626 1685 3691 sub

319 3736 454 3802 stituere
475 3736 609 3803 bubilem
631 3744 665 3806 et
688 3740 845 3822 idoneum,
859 3744 892 3807 in
907 3761 969 3825 qun
991 3745 1196 3824 dubitetione,
1214 3743 1310 3810 Gloss.
1324 3746 1361 3808 ire
1378 3742 1513 3810 Clarum.
1527 3736 1684 3817 rebeum

319 3844 354 3905 im
376 3844 455 3908 oerb.
477 3848 678 3913 commissum
699 3850 736 3913 de
755 3861 930 3931 procurat„
952 3852 1122 3936 distinguit
1144 3858 1209 3918 tres
1228 3870 1325 3918 cesus
1347 3851 1473 3917 Primus
1492 3851 1542 3912 est
1561 3838 1684 3926 wando

319 3949 495 4017 inhabilitcs
517 3953 566 4021 es'i
587 3956 713 4022 inductu
737 3958 806 4040 ipso
826 3960 905 4042 jure
927 3960 1087 4026 &eundae
1107 3962 1233 4043 quundo
1255 3961 1430 4026 inhabilium
1452 3955 1589 4039 immisit
1609 3968 1684 4035 Pf0·

320 4063 391 4138 pter
412 4059 570 4127 deiectum
586 4066 870 4149 auctoritatisque
885 4070 1113 4136 interveniente
1127 4075 1226 4137 besem
1240 4069 1424 4136 iuhubdites
1446 4066 1574 4133 Tertius
1587 4078 1686 4144 quon·

319 4166 360 4230 do
384 4168 561 4237 inhabilitns
582 4173 744 4257 detegitur
764 4193 822 4258 per
843 4179 1017 4261 oppositum
1040 4179 1083 4244 illi
1103 4180 1328 4262 exceptionem

406 4273 436 4340 2.
458 4278 494 4341 ln
518 4280 620 4361 primo
642 4299 715 4347 essu
739 4281 835 4350 Gloss
857 4286 900 4351 ibi
921 4288 1079 4353 concludit
1109 4290 1270 4372 negative,
1292 4306 1328 4353 uc
1349 4287 1480 4371 proinde
1504 4283 1599 4352 dard
1625 4281 1687 4346 Zo-

319 4375 435 4444 barella
459 4385 493 4447 irs
515 4386 544 4450 d.
569 4386 715 4455 Clemmt.
736 4393 772 4455 ire
796 4391 973 4475 liquasse,
997 4414 1089 4479 quem
1116 4398 1214 4463 reteri
1238 4397 1333 4463 laceb
1364 4398 1515 4462 Laurmt.
1538 4396 1574 4457 in
1597 4399 1687 4456 tract.

317 4485 354 4549 de
370 4488 470 4566 judie.
492 4506 621 4575 suspect.
644 4516 713 4581 cop.
735 4496 756 4563 b
779 4519 810 4566 u
832 4499 875 4564 20
896 4503 1019 4570 dicebat
1040 4505 1125 4586 quod
1148 4507 1313 4591 religiosus
1334 4507 1390 4589 qui
1412 4509 1600 4590 procurator
1620 4517 1688 4565 esse

317 4598 436 4678 nequit
459 4605 496 4665 ut
517 4603 656 4672 diximus
678 4608 763 4674 dicto
795 4613 914 4694 cupite,
937 4631 993 4678 nec
1015 4615 1111 4680 etiem
1133 4619 1235 4698 potest
1257 4616 1391 4682 habilem
1423 4613 1632 4688 substituere3
1653 4610 1688 4671 el
1822 4693 1823 4698 ἵ

317 4726 375 4790 pro
400 4708 458 4774 hac
481 4713 674 4781 condusione
696 4720 725 4782 d.
747 4718 843 4786 Gloss.
865 4722 980 4807 alleget
1002 4742 1070 4806 cap.
1088 4725 1190 4806 judeos
1211 4723 1512 4808 despiciebam
1535 4716 1566 4782 6.

406 4816 435 4883 3.
459 4821 527 4889 Ubi·
539 4821 636 4903 judex
658 4828 714 4906 qui
735 4828 797 4892 tuit
819 4836 982 4898 recusatus
1004 4837 1165 4914 tumquum
1188 4837 1365 4916 suspectus,
1378 4837 1413 4898 et
1427 4847 1484 4913 per
1499 4822 1687 4892 sententium
