3734 5750
537 384 594 453 DE
616 384 1003 453 euocuuuuuuluua
1025 387 1113 453 cul).
1137 387 1252 454 LXlX.
1516 389 1581 461 366

293 555 346 627 31.
368 560 559 637 Limitatur3
579 558 605 621 si
626 573 689 619 non
721 559 916 638 opponatur,
940 554 1046 636 Bart,
1069 574 1165 637 quem
1195 558 1248 622 aiii
1277 564 1455 641 sequuntur
1489 564 1520 627 in
1545 564 1581 627 L.

209 670 265 738 666
283 671 361 752 jure
383 689 414 733 6.
437 665 458 730 6
479 666 510 749 ff
526 668 563 730 de
584 666 674 729 solut.

296 778 348 845 36
370 778 542 843 limitatur
572 773 725 849 secundo,
762 772 793 835 in
830 776 1036 853 procuratore
1067 771 1204 855 gererali
1237 776 1410 840 constituto
1441 776 1480 840 ad
1511 777 1582 843 lites

208 892 385 974 praesentes
405 888 440 950 et
460 884 601 959 futuras,
625 880 716 944 Bart.
739 880 767 942 d
791 899 823 943 6
844 877 865 940 2
885 882 923 944 in
949 879 982 943 L.
1005 881 1033 943 oi
1052 881 1299 962 procuratoris
1315 883 1354 946 de
1373 893 1540 962 procurat.

296 994 348 1061 33.
372 992 550 1059 Dummodo
572 989 648 1054 huic
669 987 869 1070 procuratori
892 989 955 1054 sint
976 988 1148 1068 acquisitae
1170 988 1308 1054 directae
1323 990 1469 1072 actiones,
1486 992 1581 1056 Paut.

208 1106 245 1169 66
270 1103 431 1171 Cannio
453 1101 482 1164 6
505 1099 540 1163 Ι.
561 1099 618 1161 noe
634 1096 729 1177 jure,
751 1095 914 1175 seqnitur,
939 1096 1008 1160 Rot.
1031 1114 1093 1159 cor.
1120 1096 1454 1163 retractacione.
1472 1098 1489 1162 1
1506 1119 1583 1165 nur.

208 1221 317 1275 tamen
340 1210 420 1274 ittud
442 1208 490 1271 tto.
514 1204 531 1268 1
556 1207 593 1269 in
616 1205 772 1268 eorrectio.

299 1312 351 1381 36.
373 1314 507 1380 XXVll.
523 1312 572 1377 Ad
586 1313 818 1395 utmuucum
832 1313 995 1394 officialem
1009 1315 1046 1377 in
1061 1314 1231 1393 sindicotu,
1250 1314 1372 1396 Spectet.
1387 1318 1422 1379 in
1437 1317 1466 1379 6.
1477 1318 1583 1397 princ.

209 1444 243 1489 6.
265 1424 286 1487 5
307 1426 343 1490 io
363 1423 416 1506 66.
435 1438 513 1486 uere.
536 1422 683 1502 61666666
714 1421 823 1499 tertio,
848 1419 986 1485 Francia.
1008 1422 1044 1484 in
1068 1438 1137 1501 cap.
1162 1424 1220 1503 qui
1240 1424 1283 1486 66
1303 1425 1462 1504 66666666
1485 1420 1509 1508 S
1530 1425 1583 1507 fin

212 1552 244 1597 o.
266 1529 289 1596 6
309 1548 386 1595 vere
407 1531 679 1611 oiqerimoquarto.

299 1637 351 1703 35.
373 1638 461 1703 Licet
483 1637 527 1701 iili
550 1655 612 1701 non
635 1636 678 1702 sit
699 1637 895 1718 prohibitum
917 1655 951 1703 se
973 1638 1004 1702 in
1028 1637 1112 1703 dicto
1125 1639 1243 1721 judicio
1266 1659 1323 1722 per
1345 1645 1585 1723 procuratorem

210 1746 391 1824 defendere,
415 1743 512 1810 uun.
534 1760 640 1824 66666.
661 1746 697 1808 in
720 1743 756 1808 L.
778 1746 814 1807 in
837 1746 934 1810 66666
954 1747 1042 1828 fidei,
1065 1747 1127 1823 ibi,
1150 1748 1240 1831 finito
1262 1741 1360 1831 officio
1383 1750 1447 1812 666
1470 1749 1506 1813 66
1522 1750 1584 1831 Ju-

209 1858 369 1939 miuron,
392 1872 489 1937 qnam
512 1852 611 1918 refert
633 1857 666 1917 et
688 1854 834 1934 seqnitur
858 1852 1052 1920 Gototdr'nur
1074 1856 1109 1918 in
1133 1863 1223 1920 tract
1244 1856 1283 1920 de
1304 1855 1464 1922 66666666
1487 1876 1518 1921 6.
1541 1853 1585 1920 66

210 1971 330 2047 quoru.
352 1960 405 2026 67.

298 2066 352 2134 36.
375 2068 527 2134 xxviii.
549 2067 600 2131 Ad
620 2070 854 2134 instituendum
871 2071 1035 2150 judicium
1058 2072 1098 2135 66
1120 2071 1215 2137 litero
1240 2074 1366 2137 tamine
1398 2073 1587 2153 6666666666,

213 2180 251 2245 L.
276 2178 473 2260 Paroponiuo
494 2179 530 2242 in
551 2179 665 2259 princ,
687 2183 722 2244 et
744 2178 786 2242 ibi
811 2176 901 2243 Bart
923 2179 955 2261 ff
969 2179 1006 2243 de
1023 2189 1188 2260 procurat.
1210 2181 1246 2244 in
1266 2183 1389 2262 prino,
1411 2179 1586 2263 Surontio

211 2291 243 2353 6.
264 2288 368 2370 princ.
389 2306 422 2350 n.
444 2282 467 2350 6
488 2302 565 2351 cerr.
587 2294 721 2369 quarto,
748 2283 905 2351 Gataitin.
928 2284 957 2348 6.
979 2304 1011 2348 6.
1033 2280 1056 2347 6
1077 2303 1154 2350 aar.
1176 2289 1333 2369 septimun

304 2392 356 2462 37.
378 2392 499 2461 XXIX.
524 2387 564 2459 tt
586 2413 673 2459 6666
695 2410 738 2457 ex
758 2394 878 2458 666666
905 2394 1169 2474 procuratoribus
1197 2395 1396 2475 qeneratituc
1426 2394 1466 2459 66
1486 2395 1587 2458 attero

212 2506 339 2587 661666,
362 2503 398 2568 L.
421 2505 477 2587 qui
499 2487 630 2585 duor'ff
645 2502 682 2565 de
700 2510 885 2582 procurat,
910 2499 1034 2582 Sperat.
1056 2502 1086 2565 6.
1102 2520 1134 2565 n.
1147 2497 1172 2565 6
1185 2519 1261 2565 ocra.
1276 2503 1405 2580 tertius,
1430 2500 1589 2567 Gatadin.

211 2614 242 2680 u
264 2633 298 2679 rt
319 2608 343 2677 6
363 2628 439 2678 nere.
459 2621 598 2676 666666.

303 2716 356 2785 88.
377 2717 483 2784 XXX.
505 2718 556 2782 Ad
587 2719 808 2801 recipiendum
839 2720 1028 2798 solutiones,
1054 2717 1156 2784 Socin
1181 2720 1257 2798 jun.
1291 2736 1374 2782 6666.
1404 2715 1448 2780 22
1479 2736 1511 2783 u
1543 2712 1587 2778 22

210 2826 264 2894 tit.
288 2823 329 2907 a,
350 2831 384 2894 et
405 2844 462 2892 noe
482 2826 622 2894 61666666
644 2826 820 2908 16166666
838 2825 1079 2893 LXXXine
1098 2827 1252 2892 manduc
1272 2828 1316 2892 66
1339 2827 1536 2909 6616666666.

302 2931 356 3000 39.
377 2935 499 3001 XXXI.
522 2933 573 2999 Ad
593 2934 792 3019 offerendum
815 2952 966 3018 eampum
985 2954 1047 3018 pro
1069 2937 1230 3018 cinqutari
1260 2937 1454 3013 certamine,
1483 2935 1589 3000 Parin

213 3064 300 3115 6666.
323 3044 364 3111 31
390 3062 421 3111 6
443 3043 484 3110 61
511 3053 539 3109 et
561 3041 605 3106 52
626 3044 677 3109 uo.
703 3041 730 3108 1.

303 3149 355 3219 66.
377 3152 516 3219 xxxii.
538 3151 589 3216 Aa
610 3151 803 3234 6666166666
824 3154 934 3217 ontnio
967 3155 1096 3235 nequid
1125 3151 1253 3228 ardua,
1281 3151 1434 3219 6666666.
1455 3150 1485 3214 6
1512 3169 1543 3214 n.
1567 3144 1590 3213 6

212 3266 256 3330 66
277 3265 331 3347 fin.
352 3279 429 3328 uera.
451 3263 581 3341 ultimo,
606 3260 681 3327 Put
702 3261 791 3325 decis.
813 3258 856 3326 63
879 3279 911 3324 6.
936 3258 953 3322 1
979 3260 1027 3324 tit.
1050 3258 1080 3324 3.

305 3365 358 3435 61.
380 3368 534 3435 xxxin.
556 3367 605 3435 Ob
627 3368 745 3434 dicum
768 3370 923 3435 rationem
947 3370 1126 3449 requiritur
1146 3368 1330 3434 mandatum
1345 3367 1476 3450 speciale
1493 3367 1589 3431 etiarn

213 3480 246 3544 in
270 3497 309 3544 eo
332 3495 373 3543 66
394 3496 456 3561 qtae
476 3479 672 3542 diminuitur
695 3477 803 3543 ruitur
822 3479 950 3542 diuinus
973 3487 1001 3543 et
1025 3477 1203 3559 Ecclesiae,
1230 3478 1304 3542 Put.
1318 3478 1346 3541 d
1361 3478 1450 3542 decio.
1466 3474 1509 3540 63
1533 3477 1590 3541 und

215 3606 249 3651 n.
275 3584 293 3649 1
318 3587 367 3651 tid.
389 3583 410 3649 3
431 3595 501 3667 port
524 3585 596 3650 666.
618 3593 647 3649 et
671 3582 793 3650 Gentio.
815 3604 894 3667 quoa
915 3585 1037 3670 allegat.

305 3687 358 3757 tn
380 3693 532 3761 XXXIV.
555 3692 605 3755 Ad
626 3694 834 3775 euiqanduru,
857 3694 927 3759 liat.
951 3712 1013 3759 cor.
1038 3694 1165 3777 Greqor.
1191 3696 1256 3761 XV
1273 3698 1362 3761 decio
1388 3693 1451 3759 139
1473 3714 1505 3759 6.
1520 3690 1543 3756 6
1557 3699 1592 3759 et

216 3802 260 3866 161
286 3800 415 3867 166666.
438 3821 470 3868 6.
490 3800 531 3881 7,
555 3800 670 3866 Boreit.
691 3804 729 3866 in
750 3820 878 3866 666666
899 3804 1044 3868 6666666.
1068 3823 1137 3886 cop.
1158 3802 1202 3869 66
1224 3824 1262 3870 n:
1273 3804 1356 3885 176,
1371 3811 1405 3872 et
1419 3824 1475 3870 nos
1489 3806 1591 3888 expli·

215 3912 360 3977 canimus
380 3911 441 3976 late
464 3910 544 3974 inira
568 3927 637 3991 cap.
661 3908 848 3974 LXXXIV
865 3911 902 3973 66
923 3911 1076 3976 mandato
1098 3914 1141 3976 od
1162 3914 1360 3994 eutycetum.

307 4015 360 4084 66
383 4019 518 4084 XXXV.
540 4018 589 4082 Ad
608 4018 778 4098 petendam
800 4020 1015 4083 executionem
1036 4020 1233 4101 vilicationis
1263 4022 1446 4098 66666666,
1470 4017 1591 4097 auec,

215 4131 273 4212 qui
296 4127 396 4194 muita
419 4128 489 4210 jnra
511 4127 635 4210 aliegat,
657 4127 693 4191 de
715 4126 836 4208 ottiqat.
859 4129 1007 4192 canterat.
1033 4137 1149 4211 66666.
1172 4124 1215 4190 32
1237 4147 1269 4192 n.
1290 4127 1312 4190 7
1332 4129 1424 4210 juxta
1447 4127 1591 4190 ordinem

220 4237 345 4317 locon,
366 4241 499 4315 sequuta
522 4240 571 4300 est
593 4235 664 4300 dict.
687 4251 749 4298 cor.
774 4233 902 4300 066666.
922 4238 959 4300 66
982 4234 1109 4301 Gnarus
1138 4238 1227 4301 derio
1251 4235 1312 4300 191
1341 4251 1421 4319 quae
1444 4245 1486 4299 ert
1511 4231 1532 4296 2
1555 4234 1591 4298 de

217 4351 350 4407 6666666.
372 4345 638 4408 excommunicat.

308 4444 537 4515 6611111161.
569 4449 620 4513 Ad
650 4453 917 4517 auctorizandum
949 4454 1135 4518 donationes
1162 4453 1250 4534 jurio
1279 4464 1489 4536 potronatus,
1522 4455 1592 4520 Rot.

218 4560 311 4625 decia
335 4557 400 4623 676
423 4578 454 4624 6.
479 4558 496 4621 1
519 4575 591 4642 par.
617 4557 634 4621 1
660 4560 786 4626 1166661.

254 4676 282 4726 ·.
310 4686 330 4727 u
354 4667 542 4734 Murdatum
565 4669 697 4751 66661616
718 4671 899 4751 requiritur
922 4671 953 4733 in
976 4669 1102 4735 vicario
1131 4671 1342 4736 consentiente
1365 4670 1524 4736 donationi
1546 4669 1593 4735 vei

222 4794 240 4834 a
266 4773 418 4839 66666661
437 4775 517 4858 juris
539 4780 741 4859 patronatus,
774 4777 870 4843 coru
892 4778 941 4841 De
962 4778 1038 4842 Luc.
1060 4778 1097 4841 de
1113 4777 1190 4858 jure
1210 4789 1293 4860 patr.
1316 4780 1388 4844 diac.
1411 4777 1454 4841 28
1476 4798 1509 4843 6.
1533 4771 1593 4853 13,

220 4904 242 4945 «
264 4883 341 4950 dioc
363 4881 407 4947 66
429 4902 461 4947 6.
476 4882 506 4965 6,
527 4886 601 4951 disc.
624 4883 667 4950 66
690 4904 721 4952 n.
743 4883 774 4950 8.
798 4886 986 4968 1166666661
1000 4890 1108 4952 autem
1123 4887 1254 4970 speciale
1269 4887 1452 4953 mandatum
1468 4883 1593 4968 quando
