3734 5750
306 359 369 429 350
735 357 934 427 LUDOVICI
956 357 1077 427 cunci
1100 357 1247 428 TRACT.

307 510 314 521 ⁵
370 530 421 595 22
446 530 549 613 Neque
572 529 804 611 comprehendit
827 549 920 595 casus
943 530 1062 593 arduas
1084 540 1111 593 et
1133 531 1282 595 insolitas.

371 635 424 702 23.
448 638 508 703 Nec
531 639 601 702 illos
622 655 664 701 en
684 638 797 720 quidus
820 638 980 701 mandans
1001 646 1103 719 posset
1127 640 1265 702 incidere
1288 641 1324 702 in
1343 658 1490 720 paenam.

370 740 422 809 21.
446 743 516 809 Nisi
536 746 617 808 alter
639 745 751 808 similis
774 762 866 809 casus
888 746 1002 827 suisset
1025 762 1198 826 cupressus.

370 852 422 917 25.
445 852 637 918 Mandatum
661 854 791 934 speciale
815 851 931 917 labens
961 853 1101 935 aliquem
1132 855 1306 918 terminum
1334 857 1526 920 arctatiuum
1556 873 1607 920 re-

502 962 670 1043 strinpitur
692 960 734 1024 ad
756 977 850 1024 rasus
873 963 907 1023 in
930 980 965 1025 eo
988 978 1159 1042 cupressos.
1224 989 1227 994 ·

371 1067 422 1133 26.
445 1068 637 1133 Mandatum
675 1068 793 1133 dicitur
830 1070 962 1150 speciale
999 1073 1119 1152 quoties
1155 1071 1235 1134 ualet
1273 1072 1386 1153 referri
1421 1074 1463 1136 ad
1497 1091 1607 1138 oasam

506 1178 706 1242 mandatum.

372 1287 423 1352 27.
446 1286 597 1354 Notarius
619 1286 734 1351 tatem
756 1287 945 1369 facultatem
967 1287 1139 1375 adijciendi
1162 1285 1325 1350 clausulas
1355 1289 1462 1351 salitas
1485 1298 1512 1352 et
1536 1308 1610 1353 con-

503 1405 607 1460 suetas
629 1414 695 1459 nan
715 1404 814 1477 potest
845 1395 917 1459 illas
947 1412 1123 1477 apponere,
1150 1411 1230 1477 puae
1261 1394 1391 1474 speciale
1420 1396 1611 1460 mandatum

506 1507 691 1586 important.

371 1596 422 1677 28.
446 1613 656 1692 Mandatum,
687 1613 756 1678 lieet
787 1610 886 1676 omlis
915 1612 1114 1692 pcneralilus
1137 1619 1338 1691 conceptum,
1362 1619 1506 1674 censetur
1543 1627 1611 1691 spe-

503 1720 581 1782 ciale
611 1721 639 1783 si
669 1717 829 1783 mandans
860 1720 992 1783 unicam
1025 1719 1136 1783 ualeat
1174 1734 1305 1781 causum
1343 1736 1401 1782 nec
1438 1719 1538 1782 alium
1570 1722 1610 1783 sit

506 1827 680 1892 manneus.

372 1935 424 2002 29.
448 1935 611 2002 Generalis
641 1938 801 2019 dispositio
831 1952 914 2019 qnae
944 1937 979 1999 in
1010 1950 1080 1998 una
1110 1943 1238 1999 tantum
1260 1951 1291 1998 se
1323 1933 1479 2016 verificari
1512 1934 1609 2009 volet,

507 2045 639 2110 labetur
661 2063 721 2126 pro
744 2045 910 2126 sinpulari.

372 2154 424 2221 30.
448 2155 685 2221 Eulaerodutia
707 2154 876 2219 liberorum
898 2152 967 2235 fieri
989 2150 1071 2215 delet
1094 2167 1254 2233 cupresso,
1277 2150 1470 2213 nominatim
1492 2157 1521 2211 et
1544 2149 1610 2211 sin-

505 2266 669 2347 palariter.

352 2370 426 2463 31.
456 2372 539 2437 Valet
562 2381 669 2435 tamen
690 2371 786 2436 etium
809 2388 875 2434 non
898 2385 1044 2449 cupresso
1067 2370 1195 2433 nomine
1208 2369 1274 2451 filii,
1288 2369 1316 2432 si
1330 2376 1459 2432 testator
1476 2367 1610 2430 unicum

503 2479 615 2544 ualeat
636 2479 679 2542 ad
701 2497 793 2561 quem
812 2478 910 2559 possit
933 2479 1057 2559 referri.

374 2584 426 2652 32
448 2585 564 2653 Generi
583 2588 754 2669 deropatur
776 2602 834 2668 per
855 2587 1000 2666 speciem.

374 2691 426 2762 33.
450 2698 650 2762 Procurator
672 2696 788 2761 nalem
819 2695 951 2776 speciale
974 2693 1185 2772 mandatum,
1207 2691 1350 2773 penerale
1373 2692 1500 2756 lalerui
1518 2705 1612 2771 prae-

503 2807 619 2888 fertur.

373 2908 425 2976 sl.
449 2913 616 2994 llelepatns
638 2912 681 2975 ad
703 2918 821 2976 certam
845 2928 979 2974 cansam
1001 2913 1184 2994 praefertur
1206 2909 1343 2990 delepato
1364 2908 1407 2972 ad
1421 2907 1612 2972 uniuersita-

507 3029 567 3085 tem
590 3037 777 3085 censorum.

375 3129 426 3195 35.
451 3130 521 3196 Non
543 3131 733 3211 praefertur
753 3138 859 3193 tamen
882 3130 918 3191 in
942 3127 1065 3191 cautus
1088 3144 1109 3189 a
1131 3127 1306 3192 mandante
1321 3142 1388 3189 nan
1401 3123 1554 3204 praevisis
1577 3121 1611 3183 in

505 3236 620 3318 quidus
642 3253 664 3300 a
683 3245 894 3316 procuratore
916 3235 1058 3316 penerali
1077 3243 1176 3315 potest
1199 3234 1341 3299 inltileri.

375 3341 427 3408 36.
450 3343 535 3407 Licet
556 3344 611 3408 uli
633 3345 809 3426 requiritur
831 3344 962 3424 speciale
985 3342 1194 3420 mandatnm,
1218 3344 1361 3424 penerale
1384 3361 1450 3406 non
1473 3340 1613 3423 mffieiat.

397 3777 425 3843 1.
449 3694 617 3845 Diximus
638 3780 677 3845 de
699 3780 844 3845 mundato
869 3783 1005 3865 generali
1028 3799 1109 3862 quoe
1124 3785 1278 3847 venerunt
1293 3781 1326 3843 in
1341 3776 1498 3856 mentem,
1524 3775 1673 3854 sequitur,

307 3891 354 3967 ut,
366 3888 459 3969 11111
474 3888 680 3971 praemissum
695 3888 847 3968 ordinem,
861 3888 901 3953 de
915 3890 1039 3972 speciali
1053 3891 1250 3954 disseramus.
1264 3890 1307 3953 Et
1321 3888 1395 3953 licet
1409 3885 1500 3950 Bald.
1516 3902 1600 3947 cons.
1616 3878 1673 3943 110

309 3996 364 4059 cal.
387 3993 408 4056 2
430 3999 517 4061 eirea
539 3998 616 4062 med
648 4015 724 4061 vers.
752 4007 920 4078 praeterea
950 4000 1007 4063 iste
1037 4007 1229 4081 procurator
1260 3998 1309 4061 lile.
1334 3995 1372 4070 1,
1396 4001 1429 4060 et
1456 3992 1597 4059 nonnulli
1624 3988 1672 4053 ulii

307 4123 387 4185 qnos
408 4107 575 4171 retulimus
598 4123 666 4186 cap.
690 4106 733 4170 ll
752 4107 924 4191 udJungnns
947 4109 1073 4173 tertium
1095 4108 1239 4190 speciem,
1253 4105 1371 4170 scilieet
1385 4102 1570 4168 mandatum
1598 4096 1674 4161 indi·

309 4214 438 4278 viduum
461 4219 494 4280 et
514 4215 690 4298 singulare,
714 4213 942 4298 distinguentes
964 4215 1122 4298 singulare
1145 4233 1162 4278 1
1186 4212 1334 4296 specium
1472 4230 1475 4239 ¹
1506 4248 1509 4261 ·

395 4320 495 4387 2111
519 4328 557 4389 11
579 4323 629 4389 illa
660 4323 805 4389 differant
836 4325 975 4390 intense
998 4342 1033 4387 eo
1061 4323 1264 4406 proportione
1295 4338 1357 4401 qun
1389 4319 1507 4401 species
1533 4315 1677 4379 uiuent

308 4448 419 4516 gerere
440 4437 473 4497 et
495 4433 689 4498 individuum
713 4451 731 4496 1
754 4434 873 4515 speeie,
897 4433 945 4497 nti
969 4434 1000 4496 in
1024 4432 1161 4514 propriis
1192 4430 1334 4495 terminis
1364 4428 1442 4491 dicit
1465 4424 1512 4489 la.
1539 4423 1679 4486 Pclrnec.

306 4556 327 4601 a
352 4537 576 4619 Mantesperell.
598 4559 680 4606 cans.
702 4536 767 4603 283
790 4561 821 4604 n.
844 4538 867 4604 le
889 4543 924 4604 in
938 4542 1010 4623 fin,
1034 4550 1069 4606 et
1086 4559 1118 4603 n.
1133 4558 1205 4621 sca,
1230 4547 1262 4602 et
1278 4555 1333 4601 nos
1346 4536 1488 4600 diximus
1504 4532 1532 4595 d
1548 4549 1614 4610 cup.
1631 4525 1681 4589 ΙΙ.

395 4641 426 4708 3.
449 4650 628 4712 descrentes
650 4649 834 4714 mundatum
856 4650 987 4732 speciale
1008 4666 1103 4726 esse,v
1123 4648 1249 4727 quondo
1273 4649 1305 4711 in
1328 4642 1550 4728 procuratorio
1573 4636 1682 4719 expri-

307 4755 409 4821 mitur
432 4755 550 4819 tactum
580 4763 828 4839 aprocnmtore
859 4757 1098 4839 explicandum,
1129 4756 1202 4820 licet
1233 4773 1294 4821 nun
1325 4752 1526 4837 exprimatur
1549 4760 1682 4830 persona

306 4881 380 4928 cum
404 4879 466 4944 qua
483 4863 544 4928 lule
566 4863 683 4930 lactum
699 4866 848 4947 explicari
871 4866 1000 4944 debeat,
1024 4883 1080 4932 neu
1095 4882 1186 4930 11111
1211 4866 1251 4930 ob
1265 4862 1360 4946 quum
1383 4863 1495 4927 debent
1515 4853 1684 4939 explicari,
