3734 5750
301 327 366 400 3118
733 327 937 398 Lnnoviel
958 328 1080 396 CENCI
1103 327 1249 397 maur.

294 505 490 587 procurator
523 505 653 567 tenetur
674 500 800 565 nomina
831 499 962 583 proprio
984 499 1024 565 ad
1047 500 1217 583 impensas,
1240 499 1412 566 dummodo
1434 502 1527 567 iaciat
1551 497 1676 571 interim

302 628 423 677 casare
445 610 599 692 judicium
622 625 640 673 a
664 614 870 691 procuratore
893 607 1085 688 incohatum,
1107 616 1145 675 ut
1158 611 1210 674 ibi
1233 609 1312 675 dicit
1337 611 1455 696 Belial.

391 715 442 781 23.
464 716 660 800 Praeiudicat
675 718 771 783 etiam
787 717 913 782 domino
930 723 1117 798 procurator
1140 719 1348 801 delinquendo
1363 721 1444 785 circa
1460 739 1587 788 causam
1610 730 1680 807 post

300 829 389 894 litem
413 832 631 906 contestatam,
653 830 729 907 puta
751 824 979 902 calumniando,
1003 824 1101 890 licio.
1124 844 1207 890 coos.
1232 824 1295 890 138
1318 847 1349 892 n.
1373 826 1415 892 35
1439 829 1489 893 tio.
1505 828 1536 904 8,
1561 830 1679 912 Coppa.

300 938 390 1001 deda.
412 933 456 998 67
481 955 513 1000 n.
537 932 558 997 8
580 943 606 1000 et
631 952 691 1016 sep.

392 1041 445 1110 ut.
467 1046 535 1110 lloc
558 1051 662 1110 tamen
685 1042 835 1109 delictum
858 1043 1075 1127 procuratoris
1097 1044 1128 1107 iu
1151 1060 1189 1107 eo
1212 1049 1340 1108 noceret
1360 1043 1498 1122 domino,
1512 1048 1583 1128 quia
1602 1064 1679 1112 con-

300 1158 350 1219 tra
373 1169 448 1217 euru
473 1156 668 1235 competeret
689 1151 844 1234 exceptio,
866 1170 927 1216 non
949 1158 1056 1217 autem
1081 1157 1119 1216 ut
1140 1152 1234 1218 detur
1257 1158 1365 1218 eontra
1388 1152 1552 1220 dominum
1574 1157 1681 1237 actio,

300 1269 338 1329 ut
361 1262 501 1327 declarat
526 1260 615 1325 Buri.
637 1262 674 1324 io
697 1263 732 1326 L.
750 1263 837 1325 onie.
853 1258 920 1347 §si
941 1270 1144 1342 procurator.
1166 1279 1198 1325 aa
1219 1256 1251 1339 l,
1272 1267 1306 1326 et
1328 1261 1370 1325 ibi
1393 1261 1445 1325 alii
1467 1263 1680 1327 communiter

300 1372 378 1457 {ssi
399 1373 472 1455 puis
489 1369 546 1450 jus
569 1370 679 1436 dicent
701 1388 769 1435 non
790 1370 955 1451 ottcmpcr.
1081 1368 1083 1371 ’

392 1478 444 1544 25.
466 1481 509 1545 Et
531 1479 601 1543 ideo
622 1478 794 1544 secundum
811 1478 986 1543 Bartolom
1001 1478 1028 1543 si
1043 1481 1232 1560 procurator
1253 1476 1320 1560 egit
1341 1475 1431 1540 litem
1452 1474 1677 1538 calumniosam

301 1594 334 1654 at
349 1587 528 1666 succubuit,
543 1605 604 1651 non
625 1591 729 1668 potest
752 1585 899 1651 dominus
921 1587 953 1650 in
975 1586 1120 1669 expensis
1140 1585 1352 1662 condemnari,
1365 1582 1417 1649 sed
1434 1588 1624 1665 procurator
1646 1586 1679 1646 ct

302 1714 360 1778 pro
383 1696 530 1779 expensis
551 1714 613 1761 non
635 1701 743 1761 contra
767 1694 943 1773 dominum,
964 1694 1016 1760 sed
1041 1697 1149 1760 eontra
1172 1698 1411 1776 procuratorem
1434 1691 1592 1776 egendum
1607 1691 1680 1766 erit,

302 1810 340 1870 ut
363 1821 404 1868 ex
429 1810 534 1869 mente
557 1803 647 1868 Bort.
671 1803 745 1867 dicit
770 1803 870 1868 Rasin.
890 1802 919 1867 d.
943 1821 1027 1867 cons.
1052 1798 1115 1866 138
1138 1822 1171 1867 u.
1200 1799 1244 1865 35
1267 1802 1314 1866 lit.
1337 1800 1368 1865 5.

394 1910 446 1976 86.
469 1912 505 1976 ln
529 1911 818 1994 extrajudicialibus
841 1911 959 1994 pariter
982 1916 1171 1993 procurator
1193 1930 1254 1976 aon
1277 1910 1471 1994 praejudicat
1502 1910 1683 1990 mandanti,

304 2021 389 2087 uude
412 2020 589 2102 recipiendo
612 2037 763 2084 canonem
778 2021 817 2084 ab
832 2019 1050 2102 emphitheuta
1066 2026 1137 2103 post
1152 2020 1309 2085 incursum
1323 2019 1532 2085 caducitatem
1548 2037 1609 2082 non
1624 2037 1679 2082 no

303 2134 354 2194 cet
370 2128 497 2193 domino
513 2129 684 2209 quominus
698 2129 797 2211 possit
817 2129 933 2194 dictam
950 2129 1161 2194 caducitatem
1175 2133 1337 2211 acceptare
1351 2134 1385 2194 et
1399 2127 1567 2207 declamre,
1585 2125 1680 2192 sors

301 2235 392 2299 domo.
421 2233 484 2297 221
511 2254 545 2301 n.
568 2234 618 2301 17.

398 2343 450 2408 27.
472 2346 574 2412 Prout
596 2361 653 2410 uec
677 2345 815 2410 iaciendo
829 2352 949 2412 temere
971 2362 1132 2428 expensas,
1146 2345 1263 2411 scilicet
1278 2346 1318 2412 ob
1334 2347 1494 2429 propriam
1519 2344 1679 2426 ipsiusmet

306 2454 528 2530 temeritatem,
555 2452 650 2519 Suro.
672 2473 754 2518 cons.
777 2452 822 2518 ut
843 2455 894 2520 lit.
910 2453 941 2534 1,
956 2452 1105 2520 Gratiae.
1126 2456 1252 2537 discept.
1271 2458 1388 2539 [mens.
1410 2472 1479 2534 cop.
1499 2449 1566 2517 806
1582 2473 1613 2518 n.
1628 2449 1659 2517 6.

393 2557 445 2624 28.
468 2562 530 2626 Nec
553 2564 649 2627 etiam
672 2563 850 2628 excedendo
874 2564 950 2627 fines
977 2563 1133 2644 mandati,
1155 2564 1250 2628 ctiam
1275 2564 1360 2644 quod
1392 2563 1538 2628 dominus
1569 2565 1678 2626 utatur

304 2670 386 2736 iacto
418 2672 503 2751 quod
527 2672 623 2755 gessit
646 2674 851 2754 procurator,
876 2672 1092 2754 praesumitur
1115 2673 1199 2736 enirn
1221 2671 1307 2753 quod
1330 2670 1411 2735 iacto
1434 2670 1488 2734 illo
1510 2669 1581 2733 ideo
1603 2683 1678 2731 usus

303 2777 426 2856 tuerit‚·
442 2780 516 2859 quia
548 2779 683 2844 credidit
706 2797 767 2843 non
789 2779 882 2844 aliter
903 2784 1141 2863 procuratorem
1175 2781 1384 2856 contraxisse,
1406 2797 1502 2861 quam
1532 2784 1614 2845 esset
1636 2777 1678 2841 illi

307 2885 500 2965 mandatnm,
523 2892 561 2951 ut
584 2888 614 2951 in
637 2887 730 2952 simili
753 2889 936 2971 comprobat
960 2888 1089 2954 Beatos.
1112 2908 1197 2955 coos.
1218 2886 1263 2954 17
1286 2910 1318 2955 o.
1339 2889 1383 2953 76
1405 2901 1434 2953 et
1456 2909 1516 2973 seq.
1537 2891 1587 2954 liu
1613 2890 1640 2953 1.

397 2992 448 3057 29.
469 2995 513 3061 Et
535 2995 722 3080 generaliter
743 3002 932 3079 procurator
955 3016 1016 3062 nou
1038 2997 1232 3080 praejudicat
1254 2997 1380 3062 domino
1404 2997 1436 3061 in
1458 2997 1497 3062 iis
1511 3012 1592 3078 quae
1605 3000 1677 3062 sunt

307 3101 412 3183 magni
436 3103 630 3184 praejudicii,
653 3104 738 3169 iiim.
763 3103 833 3171 Sen.
856 3125 939 3171 cons.
961 3103 1005 3171 83
1028 3126 1060 3171 o.
1081 3102 1125 3171 lu
1148 3107 1199 3172 iil.
1223 3106 1250 3170 1.

394 3205 445 3271 36.
467 3210 531 3275 Nec
554 3212 585 3275 in
610 3213 647 3276 iis
677 3230 757 3293 quae
791 3216 959 3295 requirunt
989 3216 1172 3281 mandatum
1203 3215 1352 3298 speciale,
1375 3222 1519 3300 respectu
1540 3235 1677 3299 quorum

306 3322 494 3398 procurator
525 3319 646 3384 nullum
668 3325 771 3403 potest
794 3322 954 3388 mandanti
983 3325 1096 3389 afferre
1118 3326 1357 3408 praejudicium,
1381 3333 1419 3392 ut
1439 3327 1581 3393 dicemus
1600 3327 1678 3391 inira

307 3443 376 3507 cup.
402 3426 485 3492 xci
493 3428 517 3491 V
534 3429 571 3492 de
592 3431 745 3494 modulo
771 3432 814 3495 oli
845 3434 1030 3515 fomentum
1060 3444 1152 3498 actus
1183 3434 1311 3499 damino
1340 3435 1604 3516 praemonito,
1626 3432 1678 3498 ubi

306 3532 463 3599 habentur
485 3535 544 3600 alia
568 3538 711 3621 exempla
735 3540 767 3604 in
792 3541 908 3621 quibus
929 3550 1137 3623 procurator,
1161 3542 1318 3620 iaciendo,
1342 3562 1404 3609 nou
1428 3550 1532 3628 potest
1555 3544 1679 3609 domino

308 3641 533 3723 praejudicare.

396 3744 449 3814 31.
471 3751 578 3818 Potest
601 3759 705 3819 tamen
731 3756 762 3819 in
783 3756 941 3838 aliquibus
961 3764 1150 3840 procurator
1171 3759 1298 3825 domino
1319 3762 1545 3845 praejudicare,
1566 3768 1600 3827 et
1615 3780 1680 3826 mu-

308 3856 393 3923 xime
416 3859 446 3922 in
470 3861 508 3925 iis
529 3879 610 3944 quae
631 3868 706 3930 sunt
728 3865 842 3929 modici
866 3866 1069 3950 praejudicii,
1100 3869 1136 3933 L.
1165 3867 1205 3949 3,
1235 3887 1307 3934 cum
1331 3871 1373 3934 ibi
1396 3869 1528 3950 notatis,
1557 3872 1624 3935 cod„
1646 3870 1680 3933 n

305 3983 442 4045 procur„
466 3988 535 4051 cup.
560 3970 576 4033 1
602 3971 645 4034 ud
665 3973 718 4055 pin.
740 3983 820 4039 eutr.
842 3984 879 4040 ut
901 3976 954 4042 lite
976 3995 1042 4041 non
1065 3987 1200 4057 conten,
1230 3997 1287 4063 par
1307 3996 1391 4062 quae
1415 3982 1487 4063 jura
1511 3981 1598 4046 liim.
1619 4000 1682 4045 sen

305 4091 387 4140 cons.
413 4073 476 4140 173
500 4097 531 4142 n.
556 4077 593 4141 11
620 4080 671 4145 lit.
697 4078 725 4145 1.
1264 4124 1268 4137 .

394 4179 445 4248 32
461 4187 562 4252 Proui
571 4187 668 4253 etiam
677 4188 836 4255 liberando
844 4191 1019 4258 debitorem
1031 4195 1215 4277 mandantis,
1224 4196 1410 4264 Buracoos.
1422 4196 1487 4264 198
1496 4196 1583 4264 633
1592 4199 1641 4264 lit.
1650 4195 1683 4262 2

393 4289 444 4355 33.
467 4294 512 4359 lla
535 4295 657 4360 ratione
679 4298 754 4379 quia
777 4298 920 4365 liberatio
943 4307 991 4368 eat
1013 4302 1210 4371 lavaronilior
1231 4324 1326 4388 quam
1349 4309 1390 4373 sit
1409 4307 1570 4391 obligatio,
1590 4308 1683 4373 Post

307 4400 343 4462 ue
367 4399 471 4467 Geor.
494 4423 577 4469 cons.
600 4401 645 4468 2l
666 4407 716 4472 lit.
738 4405 769 4487 2,
792 4408 876 4474 Noti.
899 4429 983 4476 cons.
1006 4409 1071 4476 513
1093 4432 1125 4478 n.
1148 4410 1179 4479 8.

395 4503 446 4571 el.
469 4509 648 4579 Dummodo
679 4519 783 4580 tamen
806 4516 919 4584 habeut
941 4519 979 4584 ad
1004 4521 1034 4584 id
1061 4522 1243 4589 mandatum
1273 4527 1423 4609 speciata,
1445 4546 1519 4594 (um
1541 4528 1685 4610 alionuin

305 4614 429 4680 debitor
451 4616 666 4687 liberationem
688 4627 834 4707 consequi
857 4645 919 4692 non
943 4630 1050 4711 possit
1076 4634 1114 4695 ut
1136 4630 1262 4697 dicetur
1285 4633 1364 4699 inire
1388 4652 1458 4716 cop.
1478 4636 1519 4700 ut
1539 4635 1616 4699 tine
1631 4651 1685 4697 se-

303 4724 419 4801 condo,
443 4724 597 4811 (cxlii)
622 4751 655 4796 n.
678 4730 720 4794 17
742 4751 821 4799 ocra.
848 4735 934 4800 Xll'
950 4737 994 4802 oct
1016 4738 1216 4803 liberandum
1238 4741 1417 4806 dentem
