3734 5750
328 347 392 417 466
754 347 955 418 vaovlet
977 348 1097 418 cavel
1118 350 1266 421 maci.

394 518 443 583 16
467 517 601 583 Facitne
631 522 820 584 mandatum
849 521 1231 602 edraepairendadono
1260 521 1475 592 meditatio
1503 523 1626 589 dicitvr

522 642 626 708 perere
648 647 679 691 se
699 646 763 709 pro
785 628 933 706 meae,
955 647 1022 693 aon
1044 630 1267 694 idenditatem
1287 629 1387 694 odire.

393 733 442 798 16.
467 735 648 818 Aliquando
667 740 775 799 tamen
796 739 1014 818 potest'etiam
1034 736 1123 801 adiri
1143 755 1201 818 per
1221 747 1473 818 procuratorem.

351 854 354 863 ’
393 844 442 908 17.
465 844 508 909 Et
532 844 1042 927 tunc=¹rcpuiritur1nvandotum
1066 845 1203 927 speciale
1232 847 1269 909 ia
1298 863 1361 931 qua
1383 844 1467 911 debet
1490 848 1630 928 exprimi

523 953 701 1015 haereditas
724 952 882 1016 adeundo.
1496 1002 1499 1011 .

393 1059 442 1125 18.
466 1061 509 1125 In
531 1061 730 1125 haereditate¹
743 1059 893 1125 amanda
913 1062 1045 1126 animus
1067 1062 1255 1144 requiritur.

392 1169 441 1233 19.
465 1170 570 1233 Immo
593 1170 656 1232 saio
677 1170 788 1232 animo
811 1167 931 1233 aditae

336 1318 337 1321 =
389 1278 508 1343 2610
530 1278 668 1342 aditione
689 1277 891 1342 haereditatis
912 1294 1067 1397 mapaum
1089 1278 1177 1345 adest
1190 1277 1370 1357 pericuum
1384 1277 1421 1341 ob
1434 1293 1534 1341 onera
1549 1278 1625 1341 iac-

522 1387 688 1450 redituria.

387 1495 439 1559 21
462 1496 512 1558 Ad
534 1493 761 1577 conficiendum
783 1495 1003 1558 inventarium
1026 1494 1153 1556 nominc
1175 1489 1322 1556 haeredis
1344 1492 1390 1555 vei
1409 1492 1626 1573 fideicommis-

519 1607 599 1670 sarii
619 1605 774 1685 ymeraiis
795 1604 976 1691 requiritur
998 1601 1189 1666 mandatum
1212 1600 1351 1682 speeioie.

386 1714 437 1779 22
464 1714 555 1793 Quod
574 1721 768 1794 procvrator
791 1730 857 1776 non
878 1712 974 1793 possit
998 1712 1215 1774 inventarium
1235 1711 1343 1792 faeere
1362 1714 1533 1788 postauam
1550 1704 1623 1767 hae-

519 1839 568 1885 res
589 1821 700 1911 (ecit
686 1818 878 1883 mandatum
900 1820 942 1882 od
963 1816 1215 1931 consequendum
1237 1815 1321 1933 dona
1336 1812 1559 1935 naumitaria.

386 1927 438 2005 23
461 1922 636 1994 Contraria
658 1898 862 2008 affertur
822 1926 938 2006 opinio.
1007 1912 1013 1939 ”
1330 1958 1335 1971 ·
1418 1942 1451 1973 ι
1518 1964 1522 1977 ·

385 2033 437 2101 24
463 2037 710 2102 Praedictarum
732 2037 924 2116 opinionum
948 2036 1133 2099 conciliatio.

385 2142 436 2207 26.
460 2145 609 2209 Auctoris
632 2145 788 2208 sententia
811 2154 885 2206 centn
908 2142 1047 2206 rationu
1077 2162 1096 2197 ι’
1155 2184 1160 2193 ·

384 2249 436 2315 26.
459 2253 509 2315 Ad
531 2269 746 2334 quascumque
765 2251 1006 2332 protestationes
1027 2259 1054 2314 et
1079 2250 1291 2313 intimationes
1309 2247 1473 2330 iaciendos
1495 2253 1538 2308 est
1559 2259 1621 2324 pa·

515 2360 594 2422 riter
615 2360 827 2422 necessarium
849 2359 981 2438 speciale
1002 2358 1203 2421 mandatum.

383 2468 435 2531 27.
461 2468 649 2531 Protestatio
670 2477 714 2531 est
736 2465 909 2530 voluntatis
927 2467 1132 2546 protestantis
1152 2464 1332 2529 declaratio.

382 2574 433 2641 28.
458 2577 496 2641 iet
516 2579 701 2657 protestatio
724 2580 763 2640 ot
775 2575 984 2655 interpeiiatio
1012 2577 1102 2655 paeto
1131 2591 1154 2636 o
1182 2578 1391 2654 procuratore
1418 2570 1513 2633 ettam
1544 2584 1617 2629 creas

389 2702 394 2713 ·
517 2685 665 2765 speciali
663 2684 824 2749 mandata
845 2683 981 2765 officiat,
1004 2680 1086 2746 detes
1110 2682 1204 2744 etiam
1226 2696 1293 2742 non
1321 2676 1489 2759 requisitus
1519 2690 1617 2739 sutem

514 2792 705 2857 mandatum
726 2789 894 2855 ostendere.

404 3119 430 3183 1.
453 3030 625 3204 Quoniam
649 3121 748 3186 multe
771 3126 847 3185 eunt
868 3120 997 3205 negocia
1015 3136 1155 3201 qaorum
1177 3116 1346 3201 explicatio
1366 3128 1408 3176 ex
1430 3109 1497 3176 avio
1518 3108 1621 3172 animo
1641 3111 1674 3170 et

309 3228 470 3294 voluntate
492 3229 645 3310 pendent,
666 3235 699 3295 et
723 3231 749 3293 ei
770 3229 861 3294 alteri
884 3229 1125 3294 committantur
1145 3226 1187 3290 de
1200 3226 1246 3290 eis
1260 3226 1447 3306 procvrator
1468 3215 1671 3299 cognitionem

309 3341 342 3399 et
366 3336 511 3401 notitiam
541 3335 655 3400 habeas
685 3355 746 3401 non
777 3343 898 3420 potest,
928 3354 1001 3401 cum
1033 3353 1070 3400 ea
1100 3350 1182 3415 qaae
1211 3333 1385 3397 consistunt
1415 3328 1448 3392 in
1478 3325 1581 3391 enimv
1612 3322 1675 3386 siat

307 3444 449 3524 occuito,
472 3450 505 3510 et
525 3445 582 3509 soli
605 3445 673 3509 Deo
704 3437 848 3530 aog'nitv,
870 3447 926 3527 qui
957 3450 1006 3511 eet
1035 3447 1197 3510 saeuior
1225 3441 1388 3517 cordium,
1415 3443 1450 3503 et
1478 3436 1533 3502 eui
1561 3450 1671 3502 aarum

305 3550 452 3615 dominus
474 3551 701 3634 propalaverit,
723 3552 811 3617 Alex.
833 3569 919 3617 cons.
939 3549 984 3614 78
1008 3547 1178 3617 n.··1!su·v.
1200 3549 1240 3625 6,
1272 3549 1379 3630 Anasi.
1409 3536 1448 3610 in'
1476 3545 1526 3609 L·
1544 3546 1572 3608 ei
1603 3541 1675 3625 quis

305 3662 477 3724 intentione
500 3660 651 3741 amdipua
674 3678 706 3723 n.
727 3655 799 3743 ltff
816 3661 853 3725 de
870 3660 986 3742 judic„
1010 3675 1080 3723 com
1102 3658 1284 3723 aduncant
1305 3653 1350 3720 32
1371 3652 1507 3717 distinct

395 3765 424 3829 2.
447 3768 491 3831 Et
513 3767 708 3833 diversarum
731 3784 935 3850 pemanarvm
959 3785 1020 3832 non
1041 3766 1150 3832 eadem
1172 3771 1221 3832 est
1245 3765 1404 3840 volantve,
1434 3777 1505 3842 cap.
1525 3757 1606 3841 pttt'u
1628 3754 1673 3819 di·

306 3875 438 3937 versitas
460 3873 540 3938 euir.
561 3876 600 3939 de
621 3893 752 3939 coueess.
771 3876 916 3956 praeben.

393 3980 424 4046 3.
447 3983 580 4048 Proinde
601 3984 811 4048 communiter
833 3988 997 4066 receptum
1019 3990 1068 4050 est
1096 3984 1181 4065 quad
1213 3987 1403 4065 procurator
1433 3978 1551 4044 hebens
1581 3990 1673 4058 gene

306 4092 369 4155 reia
392 4091 594 4170 mandatum,
616 4110 679 4156 non
701 4093 796 4175 pouit
817 4093 977 4174 explieare
996 4111 1034 4158 ea
1054 4093 1136 4174 qaae
1166 4090 1380 4175 dependente
1402 4103 1489 4152 mera
1512 4083 1673 4149 voluntate

304 4201 496 4276 mandantis,
517 4207 550 4265 et
572 4201 603 4264 in
625 4202 693 4284 ejas
713 4201 817 4264 animo
837 4201 1030 4278 consistunt,
1053 4199 1149 4266 Gloss.
1169 4202 1206 4264 in
1230 4196 1266 4262 L.
1281 4197 1363 4262 idem
1380 4192 1579 4274 Pomponius
1593 4187 1673 4252 stri·

302 4307 345 4370 tit
367 4305 391 4390 §
410 4309 463 4388 fia.
486 4311 521 4370 in
544 4294 622 4371 veru
647 4309 757 4387 plures
784 4307 815 4389 ff
839 4308 876 4372 de
906 4309 1088 4384 reivindic.‚
1122 4310 1253 4374 Decium
1283 4299 1411 4371 eonslt
1440 4320 1473 4366 a.
1497 4297 1538 4363 15
1561 4298 1612 4364 tit.
1633 4292 1676 4359 i:

301 4416 445 4495 quamvis
466 4414 578 4479 hebeat
602 4414 784 4479 mandatum
809 4415 953 4498 generale
984 4432 1058 4480 aum
1088 4415 1202 4495 iibere,
1236 4414 1341 4480 Paris
1370 4428 1454 4475 eoae
1477 4405 1517 4472 31
1552 4425 1584 4470 n.
1609 4399 1676 4465 112

300 4520 349 4584 lib.
376 4519 412 4600 1,
435 4520 531 4586 Burs.
553 4537 636 4586 cons.
659 4520 723 4584 225
748 4542 779 4586 n.
800 4520 843 4585 67
867 4523 915 4587 tii.
939 4520 979 4601 3,
1009 4523 1064 4592 eed
1096 4525 1280 4604 requiratur
1309 4521 1492 4587 mandatam
1522 4514 1677 4599 speciale,

301 4628 389 4691 Alea.
410 4627 441 4691 d.
460 4646 544 4692 cons.
565 4625 610 4691 78
632 4647 665 4692 n.·
689 4624 732 4691 14
752 4630 801 4693 tie.
825 4628 864 4707 6,
885 4629 971 4709 quod
995 4635 1044 4695 vet
1064 4630 1277 4713 duplicatam,
1292 4649 1376 4695 eoas
1390 4625 1434 4692 26
1449 4627 1498 4692 tio.
1513 4623 1545 4705 6,
1563 4625 1678 4690 Paris

298 4736 326 4797 d
349 4752 431 4798 eoves.
454 4732 494 4797 31
520 4754 551 4799 u.
574 4734 648 4811 112,
672 4738 803 4802 Decidit
824 4739 957 4804 deone.
979 4734 1003 4801 4
1022 4757 1054 4803 a.
1079 4736 1120 4802 16
1142 4749 1169 4804 et
1194 4737 1245 4816 16,
1274 4739 1369 4806 Svrd
1390 4758 1475 4804 ovas.
1498 4733 1561 4800 166
1573 4755 1610 4799 m.
1628 4729 1680 4797 24

298 4840 348 4905 dv.
371 4840 411 4920 2,
433 4851 461 4905 et
484 4844 575 4907 decis.
605 4840 649 4905 89
672 4862 704 4908 n.
727 4842 788 4922 26,
811 4854 839 4909 et
866 4863 958 4909 cone·
980 4844 1044 4910 281
1066 4866 1109 4912 m:
1140 4846 1181 4912 21
1213 4849 1244 4912 d
1266 4848 1314 4913 tii.
1338 4846 1378 4927 2,
1401 4847 1497 4913 Bure
1518 4847 1549 4911 d.
1571 4863 1604 4909 re.
1628 4841 1678 4907 67
