3734 5750
518 357 577 429 DE
600 356 1249 431 PROCURANRIBUSCAP.LXV11.
1503 361 1568 433 315

263 527 315 602 ts.
338 531 443 599 Potest
465 541 572 596 tomen
593 530 819 614 praejudicare
848 532 981 614 petendo
1001 531 1041 596 ao
1062 550 1096 595 eo
1127 533 1284 613 delitum,
1306 538 1364 616 qui
1395 540 1460 620 tuit
1484 556 1505 602 a

393 640 521 705 donum
542 641 690 706 literatus
713 659 788 708 curu
807 649 904 722 pacto
926 641 964 706 de
985 642 1127 722 anplius
1150 660 1218 706 non
1236 644 1379 725 petendo.

262 748 316 813 20.
337 749 482 814 Maxime
504 748 533 813 si
554 748 640 813 ilius
661 749 754 814 denti
774 751 958 832 petitionem
981 751 1010 814 ei
1030 752 1204 831 specialiter
1232 753 1383 819 dontinus
1410 773 1504 821 man·

395 858 505 924 deeset
1284 869 1287 883 ·’

262 964 317 1033 81.
342 963 380 1034 Si
399 975 508 1032 menen
529 965 634 1049 tpran
651 965 834 1050 petitionem
857 965 1006 1032 unicus
1030 976 1139 1032 rotarn
1159 967 1279 1034 hom

262 1073 317 1142 22
340 1075 497 1144 Cautiela
518 1074 641 1143 Rcbrrii

262 1183 317 1250 83
341 1183 546 1266 aeduam
569 1200 692 1267 quaque
714 1181 925 1266 delinquendo
948 1184 1034 1248 circo
1065 1200 1198 1248 causam
1225 1193 1297 1265 post
1320 1184 1406 1250 litem
1428 1205 1505 1251 con·

399 1301 553 1358 lendium.

262 1400 318 1469 81.
341 1400 465 1469 Contra
486 1401 653 1466 donirwm
677 1409 785 1466 tanen
807 1418 874 1465 non
896 1403 1042 1482 conpetit
1064 1402 1166 1480 actio,
1187 1400 1242 1466 red
1263 1403 1412 1482 exceptio.

263 1508 316 1574 25
340 1509 541 1574 Procurator
563 1508 769 1572 immoriens
790 1509 826 1572 iu
841 1509 894 1573 lite
916 1509 1116 1573 calumnioso
1132 1518 1176 1573 cst
1192 1510 1452 1575 condemnandus
1468 1513 1503 1575 in

394 1619 560 1701 repentia,
584 1635 650 1681 non
673 1634 746 1682 cera
767 1615 925 1682 minua

262 1724 540 1793 serenaretur
571 1727 724 1808 recipiens
758 1744 912 1790 wnonun
932 1727 973 1790 di
996 1726 1216 1808 empiqtlteuta
1242 1736 1315 1808 post
1337 1728 1503 1790 incursores

394 1836 604 1900 caducitatem
625 1835 752 1899 domina
776 1853 842 1899 non
862 1833 1076 1916 praejudicat.

260 1943 316 2009 27.
339 1943 400 2010 Nec
419 1943 565 2026 [menda
586 1951 699 2008 terrere
721 1959 886 2025 emensas.

259 2050 315 2116 28.
339 2050 443 2134 Neque
464 2050 637 2116 coeundo
665 2053 741 2134 tineo
770 2052 936 2128 mandati,
957 2053 1103 2133 quumvis
1128 2049 1275 2117 dantium
1298 2058 1412 2113 matur
1434 2047 1503 2127 cius

392 2161 488 2241 sactu

264 2265 317 2331 89.
341 2266 444 2350 Neque
464 2268 501 2331 iu
522 2269 563 2331 iis
585 2286 665 2351 quae
687 2277 763 2334 runt
785 2271 896 2349 moqni
917 2267 1116 2348 praeiudicii.

261 2371 316 2438 30.
346 2374 396 2437 Vel
418 2376 454 2438 in
476 2375 591 2456 quitus
613 2377 791 2459 requiritur
814 2377 945 2457 speciale
967 2374 1168 2440 mandatum.

262 2477 317 2543 31.
342 2480 549 2561 Pracjudcoc
569 2492 677 2547 tomen
699 2484 735 2547 in
758 2486 797 2547 iis
818 2500 899 2566 quae
922 2493 998 2548 sunt
1021 2483 1138 2547 modici
1158 2484 1360 2565 praeiudicii.

259 2585 315 2653 311
337 2588 383 2653 Ac
406 2593 501 2654 etum
525 2589 689 2656 ttueeudo
709 2593 876 2656 debitorem
898 2593 1096 2657 mundantis.

259 2692 315 2761 33.
338 2697 498 2762 Liberalia
520 2708 564 2764 ert
586 2700 687 2780 maqt's
705 2700 892 2781 fauorabilis
913 2718 1012 2782 quarn
1034 2699 1187 2780 adtiqotia

260 2801 316 2869 st.
345 2805 456 2871 Veram
478 2807 694 2873 liberationem
716 2807 834 2871 debitor
857 2825 925 2873 non
947 2809 1154 2890 consequitur
1178 2807 1242 2873 nisi
1259 2825 1279 2870 a
1294 2817 1505 2888 procuratore

398 2916 528 2982 hoieruc
550 2918 680 2998 speciale
702 2917 902 2980 mutuaturi

289 3240 318 3307 1.
340 3153 391 3306 ln
414 3243 572 3325 proposita
594 3241 790 3309 dubitatione
812 3247 860 3309 est
882 3242 1033 3309 minanda
1056 3241 1214 3308 conclusio
1236 3237 1380 3322 ueguiva
1395 3236 1480 3318 quud
1495 3254 1569 3318 pro-

190 3358 328 3420 curator
358 3352 497 3417 iudendo
527 3369 588 3415 nco
621 3354 719 3434 pontit
739 3351 868 3416 dominc
890 3351 1095 3416 mortimenti
1124 3347 1357 3432 praejudicare,
1383 3362 1439 3409 nee
1470 3343 1571 3406 tacere

192 3465 285 3524 actus
310 3460 353 3523 ilii
377 3459 608 3542 praejudiciales
622 3460 680 3524 nisi
695 3458 808 3524 habeat
823 3459 862 3523 ad
877 3459 909 3523 id
923 3458 1055 3540 speciale
1069 3457 1272 3535 mandatum,
1290 3454 1387 3521 Surd
1401 3452 1491 3516 decis
1508 3443 1568 3511 181

192 3589 226 3633 u.
252 3567 307 3633 16.

286 3697 306 3737 a
332 3678 522 3741 Procurator
544 3676 687 3755 quamvis
709 3675 741 3738 io
764 3672 1000 3751 committendo,
1014 3674 1142 3739 domiuo
1157 3671 1371 3756 praejudicare
1385 3685 1446 3732 non
1461 3664 1570 3741 valeat,

194 3803 216 3841 a
242 3782 274 3846 in
299 3782 474 3847 omittendo
498 3787 604 3847 tamcn
626 3783 671 3846 illi
693 3781 905 3864 praeiudicat,
928 3782 1062 3847 Aetolin
1086 3784 1174 3847 recol
1196 3780 1240 3845 70
1262 3801 1294 3844 n.
1316 3775 1347 3844 8.

287 3890 522 3954 «Ρῑοοιπαωῐ
543 3894 648 3971 potest
673 3889 889 3972 praeiudicare
918 3890 1082 3972 principali
1114 3891 1146 3954 iu
1177 3888 1372 3965 omittendo,
1402 3902 1465 3948 non
1496 3898 1570 3946 roro

191 4018 212 4057 a
239 3999 274 4062 in
298 3997 524 4063 committendo
545 3998 661 4079 absque
684 3996 808 4080 speciali
832 3995 998 4077 mndata,
1021 3998 1091 4063 Pol.
1115 4015 1177 4061 car.
1203 3996 1307 4076 Crisp.
1330 3993 1420 4057 decis.
1441 3988 1486 4051 72
1501 3986 1571 4053 n9

191 4124 211 4163 e
238 4113 315 4169 lom.
339 4102 366 4168 1.

289 4232 308 4270 a
334 4213 527 4277 Procurator
549 4231 605 4278 seu
636 4214 848 4279 mandatarius
869 4214 934 4278 sine
957 4215 1082 4296 speciali
1111 4214 1257 4279 mandato
1287 4230 1348 4276 non
1379 4215 1481 4292 pateat
1503 4209 1571 4291 ejus

195 4336 213 4371 s
240 4316 406 4401 principali
437 4321 652 4402 praejudicare
683 4340 843 4403 suumque
862 4323 912 4404 J'ua
936 4324 1044 4388 tollere
1071 4341 1127 4405 per
1156 4327 1264 4387 actum
1295 4322 1514 4385 consistentem
1538 4318 1569 4380 in

193 4442 215 4480 e
239 4424 486 4504 committendo,
516 4444 589 4491 curn
621 4429 805 4496 attendatur
825 4430 928 4496 solum
950 4430 1178 4515 praejudicium
1200 4430 1353 4495 resultans
1376 4427 1569 4505 omittendo,

193 4553 214 4591 a
241 4532 341 4598 Gord.
364 4534 401 4596 de
423 4535 501 4599 Luc.
524 4536 561 4598 de
582 4538 712 4604 cantiiir
735 4539 810 4603 disc.
830 4536 874 4603 29
897 4559 930 4604 n.
952 4537 983 4603 9.

288 4641 318 4705 2.
340 4641 443 4722 Qum
466 4646 694 4713 conclusionem
725 4648 913 4730 procedere,
936 4652 1003 4712 um
1027 4651 1172 4729 respectu
1202 4646 1418 4728 procuratoris
1439 4642 1478 4708 ad
1501 4641 1570 4707 lites

191 4751 229 4812 et
251 4749 293 4813 ad
314 4749 482 4832 judicialia,
505 4771 601 4833 quarn
623 4761 766 4839 respectu
782 4755 999 4838 procuratoris
1012 4754 1051 4819 ad
1066 4756 1194 4840 negocia
1210 4761 1243 4820 et
1257 4752 1516 4836 estrajudicialia‚
1529 4768 1570 4814 ex

193 4852 280 4922 inira
303 4856 441 4924 dicendis
461 4862 632 4945 apparebit
