3734 5750
516 353 573 424 DE
596 353 982 424 Pbocultnaomssus
1004 359 1092 426 CAP.
1113 358 1210 427 va.
1484 368 1549 436 329

268 525 300 596 3.
325 531 528 598 Procurator
551 526 666 590 babens
692 527 880 609 faculatum
908 527 1039 609 perendi
1070 547 1107 593 ea
1138 538 1267 626 tantum
1297 551 1378 615 quae
1408 546 1483 602 cum
1540 571 1546 586 .

383 636 586 702 constituenti
607 635 720 710 utilia,
744 653 810 700 non
833 635 952 701 dicitur
973 636 1086 702 babere
1109 639 1219 721 efficax
1240 641 1439 706 maumam.

269 744 301 812 is.
325 747 431 813 Ratio.

268 852 301 920 6.
324 854 449 919 liabens
470 853 657 936 facultatem
676 852 818 935 faciendi
838 852 995 937 quidquid
1016 854 1073 920 sibi
1102 855 1274 934 uidebitur,
1298 860 1485 942 intellipitur

380 960 518 1026 arbitrio
540 959 613 1024 booi
633 961 706 1023 oiri.

268 1066 301 1135 6.
325 1070 369 1135 Et
392 1072 421 1134 si
441 1067 582 1135 addatur
613 1068 742 1133 verbum
766 1091 784 1131 a
811 1070 962 1154 expedire
995 1093 1014 1131 o
1045 1073 1130 1137 dicta
1160 1074 1315 1154 peneralis
1341 1077 1483 1159 facultas

381 1177 584 1257 restrinpitur
604 1175 649 1241 ad
670 1177 764 1242 utilia
783 1195 846 1259 pro
866 1180 935 1261 ipso
957 1181 1169 1246 mnstituente.

269 1285 301 1350 7.
332 1286 463 1352 Verbum
486 1306 504 1346 r
527 1284 677 1368 expedire
701 1306 718 1346 o
743 1288 915 1352 utilitatem
938 1289 1101 1371 sipnitieat.

269 1394 300 1461 8.
322 1394 515 1460 Mandatum
538 1395 683 1477 quamuis
705 1395 937 1461 universalibus
958 1397 1057 1461 uerbis
1079 1407 1108 1462 et
1123 1398 1276 1463 clausulis
1291 1409 1483 1482 conceptum,

378 1503 584 1583 restriupitur
605 1501 651 1566 ad
671 1519 709 1565 ea
731 1519 813 1584 quae
832 1505 993 1583 pertinent
1015 1506 1059 1569 ad
1078 1508 1242 1587 nepaoium
1266 1509 1474 1574 commissum.

267 1611 298 1675 9.
321 1609 365 1675 Et
387 1619 423 1674 ut
445 1610 526 1674 illud
543 1617 738 1690 procurator
759 1611 891 1691 explicet
915 1610 997 1676 bona
1018 1610 1085 1695 tide

249 1718 298 1783 19.
321 1718 409 1786 llnde
430 1726 553 1783 tenetur
574 1718 612 1780 de
636 1716 705 1782 dolo
728 1727 756 1782 et
778 1719 813 1782 de
835 1718 903 1784 lata
925 1719 1029 1800 culpa

246 1824 298 1891 11.
322 1826 393 1893 Non
416 1835 523 1891 tamen
547 1824 584 1888 de
606 1826 768 1890 leoisnma

247 1933 297 2000 12
320 1936 417 2003 Nemo
437 1942 536 2016 potest
558 1935 699 2015 compelli
721 1935 763 1999 ad
785 1934 1022 2017 suscipiendum
1042 1935 1243 2002 mandatum
1288 1957 1289 1960 ¹

245 2041 298 2109 13.
325 2042 360 2109 Si
384 2053 491 2109 tamen
516 2044 586 2125 quis
608 2041 690 2107 illud
718 2045 872 2125 suscipiat
900 2053 1025 2109 tenetur
1055 2045 1221 2125 nepoeium
1251 2044 1479 2111 demandatum

376 2151 532 2232 poricere.

247 2253 298 2320 il.
321 2255 365 2321 lit
386 2257 566 2338 periculum
597 2265 714 2339 spectat
743 2256 786 2319 ad
814 2258 940 2337 ipsum,
964 2260 1009 2339 si,
1030 2277 1105 2323 cum
1124 2261 1279 2341 potuerit,
1301 2260 1383 2325 illud
1411 2280 1477 2327 non

374 2365 513 2449 persecu

245 2469 297 2536 16.
320 2470 389 2537 Nisi
411 2471 519 2538 dcceot
541 2472 580 2536 de
600 2473 740 2538 adbibita
761 2474 934 2556 dilipentia.

239 2578 295 2644 16.
320 2580 516 2663 Priusquam
545 2582 589 2646 ad
619 2582 740 2663 nepocii
769 2582 1014 2663 explicationem
1052 2581 1181 2647 accedat
1220 2580 1303 2646 debet
1335 2581 1479 2647 exibere

374 2688 585 2769 mandatum,
606 2691 801 2760 aliasactus
819 2708 881 2771 per
902 2689 1011 2773 ipsum
1032 2700 1135 2771 putus
1158 2698 1233 2756 esset
1255 2691 1373 2755 nudus

242 2795 295 2864 17.
319 2797 363 2863 Et
386 2798 617 2881 reprebesentat
641 2798 763 2863 domini
781 2815 965 2880 personam.

242 2905 293 2972 18.
319 2907 363 2973 Et
382 2926 440 2991 per
463 2926 535 2974 eum
557 2917 643 2991 perta
668 2917 836 2973 censentur
857 2917 945 2990 aesta
967 2908 1006 2972 ab
1028 2909 1097 2990 ipso
1119 2907 1257 2973 domina

241 3014 293 3080 19.
316 3016 360 3081 In
382 3019 516 3098 nepociis
538 3016 734 3098 explicandis
756 3016 839 3081 debet
860 3018 1024 3097 concipere
1046 3016 1140 3081 cerba
1155 3017 1190 3080 in
1208 3030 1382 3097 personam
1400 3031 1478 3094 pro

372 3129 482 3207 priam
504 3144 570 3190 nou
592 3143 667 3190 vero
688 3125 817 3189 donini.

235 3234 294 3300 26.
317 3232 457 3302 Nuntius
481 3235 617 3316 concipit
639 3233 735 3298 verba
758 3235 793 3297 in
814 3232 940 3299 domini
957 3248 1142 3314 personam.-

237 3339 292 3406 21.
318 3341 451 3421 Quilibet
473 3342 581 3406 aliena
604 3342 732 3422 nepocia
755 3358 864 3422 pereni
887 3341 924 3405 de
945 3343 1008 3407 illis
1029 3342 1186 3406 rationem
1210 3337 1338 3404 reddere
1359 3336 1453 3402 debet.

233 3449 292 3516 22
317 3451 404 3518 Unde
426 3460 453 3515 et
473 3458 668 3533 procurator
688 3448 733 3515 ad
752 3451 882 3532 nepocia
904 3451 1101 3515 constitutus

236 3555 291 3623 23.
318 3558 421 3638 Quid,
443 3559 498 3624 ubi
514 3558 625 3640 plures
647 3565 724 3623 sunt
742 3559 995 3639 procuratores?

234 3661 291 3732 od.
318 3665 391 3744 (λιιι
412 3666 538 3730 actione
559 3672 752 3747 procurator
774 3673 921 3729 teneatur
944 3665 988 3729 ad
1008 3662 1202 3728 reddendam
1223 3662 1386 3726 rationem

238 3774 292 3840 26.
315 3774 359 3840 In
382 3771 540 3839 reddenda
560 3773 684 3837 ratione
706 3790 773 3835 nou
795 3780 920 3837 tenetur
943 3772 980 3837 de
1001 3790 1036 3837 eo
1057 3771 1142 3856 quod
1163 3788 1204 3835 ex
1223 3770 1345 3835 domini
1359 3788 1395 3832 re
1408 3770 1474 3850 [uit

372 3883 538 3961 lucratus,
560 3882 625 3945 nisi
643 3878 680 3945 id
703 3897 777 3944 cum
799 3880 886 3944 illius
906 3880 1106 3962 praejudicio
1128 3881 1272 3944 evenerit.

234 3987 291 4054 26.
315 3990 527 4054 Procuratori
547 3988 615 4069 eius
637 3988 799 4053 industria
822 3990 935 4071 culpae
957 3989 1094 4055 adscribi
1116 4008 1182 4054 non
1202 3987 1294 4052 debet

236 4094 290 4161 27.
317 4097 454 4162 Tenetur
474 4105 582 4162 tamen
605 4098 641 4161 in
662 4095 838 4161 redditione
856 4099 993 4164 rationis
1015 4099 1143 4163 domino
1174 4094 1305 4162 reddere
1334 4096 1472 4160 actiones

372 4224 411 4269 ac
433 4205 595 4271 restituere
617 4206 840 4270 instrumenta

233 4312 290 4380 28.
315 4314 440 4396 Repetit
477 4331 632 4395 expensas
668 4315 705 4377 in
742 4313 928 4395 perapendis
966 4315 1101 4397 nmoeiis
1138 4316 1262 4395 factas,
1298 4328 1339 4375 ae
1376 4312 1471 4376 etiam

371 4438 497 4487 usuras.

234 4526 290 4595 29.
315 4529 468 4608 momnis
491 4532 655 4612 nepoeium
678 4549 744 4595 non
764 4533 941 4616 perfecerit.

236 4636 291 4703 39.
313 4637 365 4702 An
385 4647 579 4721 procurator
600 4638 644 4703 ad
667 4642 794 4721 nepocia
814 4641 912 4722 possit
936 4639 1039 4703 alium
1061 4637 1265 4713 substituere3
1288 4636 1455 4702 remissior.

233 4745 290 4812 31.
316 4746 478 4827 Quomodo
501 4748 588 4813 illius
610 4747 802 4814 mandatum
824 4748 957 4829 expiret.

236 4849 293 4918 32
317 4854 380 4921 Res
402 4856 530 4938 quando
552 4874 619 4923 non
641 4859 681 4922 sit
702 4857 844 4936 amplius
862 4855 999 4935 intepra.

1296 4955 1340 5022 to
