3734 5750
540 1029 641 1183 tt)
692 1026 1348 1187 idalstddtlttms

758 1320 1134 1460 rrrrrtnururt

872 1720 996 1747 «⁴0⁹-

356 2586 511 2768 Agere
547 2673 690 2763 aliena,
725 2671 877 2746 alterius
910 2673 1059 2746 nomine
1091 2693 1222 2747 causas
1254 2683 1501 2769 pertractare,
1534 2678 1619 2772 jura

256 2793 372 2887 tueri,
400 2791 564 2866 actiones
581 2808 751 2882 servare,
778 2808 954 2885 personas
971 2789 1189 2885 defendere,
1215 2791 1459 2887 respublicas
1482 2798 1521 2864 et
1545 2791 1620 2887 pri·

256 2917 363 2984 ratas
397 2907 674 3001 administrare,
710 2907 748 2981 in
778 2907 958 3003 jtrdicium
994 2910 1246 3003 procuratorio
1284 2910 1431 2983 nomine
1469 2909 1618 2999 venire,

257 3046 367 3101 nemo
390 3046 465 3100 non
489 3032 545 3100 est
570 3025 633 3119 qui
658 3045 732 3099 non
758 3025 891 3099 sentiat
925 3025 1052 3118 quanti
1077 3027 1213 3100 referat
1238 3026 1285 3099 ad
1309 3025 1498 3099 hominum
1523 3023 1622 3098 utili-

254 3149 391 3235 tatem,
417 3151 456 3216 et
481 3162 592 3236 mam
618 3143 664 3216 sit
688 3161 882 3217 necessum
915 3142 963 3217 ad
988 3143 1145 3234 tanam,
1173 3163 1233 3217 res
1256 3148 1294 3217 et
1320 3142 1528 3216 libertatem
1554 3140 1619 3213 de·

255 3257 475 3332 tendendam
500 3257 646 3333 illorum
672 3258 734 3352 qui
767 3260 894 3334 nolunt
920 3261 981 3334 vel
1006 3260 1196 3355 negligunt
1229 3281 1295 3355 per
1319 3280 1359 3335 se
1384 3259 1481 3354 ipsos
1505 3277 1617 3353 agere

254 3373 314 3447 rel
339 3374 541 3448 conveniri.

351 3490 467 3566 Civile
496 3493 557 3588 jus
590 3492 824 3585 universum,
860 3494 1106 3569 Ecclesiastici
1140 3514 1302 3568 canones
1335 3495 1451 3568 multa
1488 3493 1618 3568 sanciti

253 3618 338 3684 sunt
362 3610 462 3685 circa
487 3612 723 3703 mandatum,
758 3613 1025 3706 nonnullasque
1050 3611 1188 3686 habent
1220 3610 1498 3687 constitutiones
1522 3629 1616 3703 quae

254 3726 515 3802 Procuratores
539 3727 760 3822 respiciunt,
786 3747 856 3803 nec
882 3730 984 3825 leges
1007 3729 1143 3823 ubique
1163 3729 1294 3804 desunt
1318 3749 1413 3822 quae
1432 3736 1617 3824 gestorem

253 3843 483 3937 negotiorum
508 3843 668 3939 dirigant
691 3845 730 3919 in
755 3845 865 3921 rebus
888 3847 1156 3941 pertractandis
1180 3847 1358 3940 aliorum;
1382 3849 1615 3939 interpretes,

252 3962 429 4053 tnristae,
455 3964 593 4058 legum
619 3963 747 4058 periti,
780 3965 979 4055 Doctores,
1006 3962 1247 4055 Canonistae,
1281 3963 1484 4057 Scriptores
1507 3962 1615 4055 longe

255 4082 400 4174 lateque
425 4082 631 4157 disseruere
656 4081 702 4156 de
726 4082 1049 4175 Procuratorihus,
1076 4083 1122 4158 de
1147 4083 1339 4172 Mandata,
1374 4080 1420 4154 de
1444 4078 1615 4174 Negotio

254 4217 335 4269 rum
359 4197 548 4291 gestione,
582 4204 620 4272 et
645 4198 717 4274 huc
749 4207 788 4274 et
813 4200 898 4274 illuc
923 4199 1144 4295 multiplices
1176 4207 1305 4275 extant
1332 4197 1613 4283 illustrationes,

252 4312 500 4408 praescripta,
527 4315 754 4408 decisiones,
781 4317 930 4393 decreta
951 4338 1045 4411 quae
1070 4319 1265 4394 materiam
1286 4321 1534 4412 pertractant,
1560 4309 1615 4386 di·

252 4425 397 4521 rigum,
424 4431 672 4508 moderantur.

348 4543 519 4621 Attamen
543 4546 582 4621 in
608 4557 661 4624 tot
693 4571 817 4625 rerum
842 4554 948 4648 copia
982 4556 1102 4629 nullus
1125 4555 1230 4628 adest
1253 4560 1432 4628 tractatus
1460 4551 1522 4646 qui
1549 4571 1614 4624 ne·

252 4660 483 4737 cessitatibus
514 4665 663 4741 obviam
687 4669 754 4761 sit,
788 4678 827 4745 et
852 4671 1007 4766 ipsemet
1040 4675 1177 4747 Fadius
1204 4674 1364 4747 dolinins
1393 4669 1562 4764 quamvis
1589 4690 1612 4743 a
1699 4735 1704 4746 ,

254 4781 386 4854 carolo
409 4786 565 4858 Antonio
590 4791 759 4862 tre-tura
784 4789 1004 4882 illustratus,
1031 4790 1119 4865 satis
1143 4790 1293 4864 minime
1318 4799 1375 4866 est
1399 4787 1611 4885 opportuni-

251 4897 317 4971 tati
343 4898 552 4975 sorensium.
