3734 5750
511 318 568 391 DE
592 314 978 388 PROCURA’IORlBUS
998 317 1087 385 GAP.
1109 314 1270 388 LXXXV.
1503 324 1567 393 tir

268 489 319 561 16.
342 490 427 560 Fieri
445 502 640 576 pmcarator
660 491 831 574 conitendo
853 506 885 553 sc
906 490 1064 570 recepisse,
1078 489 1126 552 illi
1143 488 1344 570 praejudicat
1359 500 1503 576 qaantoic

401 610 509 666 eareat
530 600 658 682 camuli
678 598 831 663 mandato
853 598 895 661 aa
917 600 964 662 ita
986 597 1204 680 conitendum.

270 707 320 774 17.
343 708 513 777 Conclusio
534 709 572 772 ae
593 722 659 791 qua
680 723 781 789 saara
804 726 835 770 n.
858 704 880 769 9
898 707 1010 787 plures
1032 707 1152 789 petitur
1172 709 1383 777 limitationes

269 813 319 881 18.
342 815 416 881 Alia
440 816 587 881 limitatio
609 814 735 881 Girardi
759 815 881 882 1166611
902 834 985 881 cona
1009 811 1050 878 16
1073 835 1101 881 n.
1124 813 1176 881 66.

270 922 320 989 19.
347 924 511 990 Postrema
533 924 697 1005 respuitur
719 925 872 989 limitatio.

268 1029 321 1095 20.
346 1033 546 1097 Procurator
574 1034 764 1096 6666166666
793 1034 835 1097 66
865 1034 1081 1115 recipiendam
1113 1036 1280 1101 solutiones
1312 1055 1378 1103 non
1403 1050 1503 1122 patect

400 1139 572 1205 indebitum
595 1132 741 1222 recipere.

268 1245 321 1312 21.
344 1248 388 1313 Et
412 1248 440 1312 si
460 1246 638 1329 recipiendo
668 1250 841 1314 solutiones
872 1267 939 1313 non
970 1259 1070 1315 semer
1098 1254 1174 1333 tnes
1205 1254 1366 1335 mandati,
1388 1258 1506 1324 666666

398 1355 517 1420 colom
538 1373 604 1421 non
627 1358 829 1440 comcqaitar
850 1358 1077 1423 litmationern.

265 1458 319 1524 22
342 1460 413 1526 lion
431 1471 533 1544 potest
549 1463 627 1544 iure
647 1464 749 1529 nemo
770 1482 876 1548 cocere
897 1467 1044 1532 actitaret
1066 1470 1108 1533 aa
1130 1470 1321 1537 mloenaarn.

267 1565 319 1632 aa
344 1550 521 1636 Contraria
541 1571 875 1654 tirrnataracntent'ia.
912 1646 920 1667 ἱ

209 1711 213 1719 1
264 1675 319 1743 26.
341 1680 471 1746 Debitor
501 1680 602 1746 aciem
630 1685 853 1762 procuratoris
888 1683 1134 1764 revocationem,
1171 1687 1200 1751 si
1236 1688 1265 1751 ei
1300 1689 1399 1756 colam
1437 1710 1503 1757 non

398 1789 557 1854 liberatur.

264 1896 318 1962 26.
343 1898 456 1978 Snus,
478 1899 506 1964 ei
527 1901 757 1964 revocationem
779 1901 981 1981 ianoraaerit.

263 2003 318 2071 26.
343 2004 496 2074 Similiter
518 2024 584 2070 non
607 2007 761 2073 literatrn
782 2007 928 2074 circinat
958 2010 1168 2089 procuratori
1196 2020 1341 2075 reuocato
1361 2011 1399 2077 ot
1421 2013 1502 2079 ‹lete-

396 2115 606 2179 rioratianern
623 2119 777 2197 maasiae
800 2116 989 2182 macons
1009 2133 1091 2200 quae
1113 2117 1243 2182 actitari
1264 2120 1413 2185 innotuit.

262 2221 317 2286 21.
348 2223 398 2287 t'el
418 2224 447 2287 ei
468 2224 568 2289 soleat
589 2225 618 2288 ei
639 2227 697 2308 qai
716 2241 896 2307 nunquan
914 2225 980 2307 [ait
999 2233 1211 2306 procurator,
1226 2226 1278 2292 rea
1292 2235 1419 2293 mntem
1441 2245 1502 2310 pro

399 2332 458 2397 tali
479 2350 511 2398 re
531 2333 632 2415 mitit.

292 2652 320 2719 t.
398 2655 550 2723 nudatum
570 2657 610 2723 66
633 2655 847 2741 mendum
877 2657 1048 2725 solutiones
1071 2655 1165 2723 debet
1185 2674 1251 2725 csse
1281 2660 1430 2743 speciale,
1454 2662 1490 2728 L.
1511 2663 1570 2729 loc

184 2762 268 2847 aare
291 2767 328 2829 in
347 2766 453 2847 princ
471 2767 502 2850 ff
518 2767 557 2831 ac
575 2769 684 2847 colat,
708 2768 853 2848 Purpnr.
874 2786 959 2832 cons.
981 2766 1024 2832 97
1041 2785 1073 2831 n.
1088 2763 1110 2830 3
1123 2766 1174 2832 lit.
1193 2765 1230 2846 1,
1253 2766 1412 2834 666166
1428 2788 1510 2836 cons
1525 2769 1569 2834 22

189 2892 225 2939 n
249 2871 296 2936 22
315 2875 365 2939 liin
388 2871 428 2955 3,
451 2874 567 2941 Antan
591 2874 673 2960 Cios.
693 2896 775 2942 cont
798 2875 841 2942 66
863 2895 896 2942 n.
918 2876 949 2941 9.

288 3004 306 3043 ι
330 2984 380 3049 nd
403 2984 616 3067 recipiendum
637 2984 805 3051 solutiones
826 2986 1002 3068 requiritur
1032 2985 1214 3050 mundatum
1236 2983 1376 3066 speciale,
1396 2990 1429 3051 et
1451 2985 1491 3051 de
1514 2984 1566 3051 illo

189 3113 211 3154 u
234 3092 335 3158 debet
349 3097 492 3159 muctare
506 3111 563 3177 per
577 3094 777 3177 scripturam,
791 3112 864 3159 cum
880 3098 975 3159 oestes
988 3109 1051 3157 666
1065 3091 1231 3170 sufficiant,
1241 3089 1373 3156 Amolin
1383 3092 1508 3157 centn.
1521 3091 1563 3155 71

188 3197 470 3285 nnssnm.
1203 3201 1207 3208 '

284 3304 316 3372 2
338 3308 460 3376 Sufficit
482 3315 585 3374 tamen
608 3311 750 3394 generale
771 3326 845 3375 curn
867 3309 964 3375 libera
986 3309 1273 3388 administratione,
1297 3314 1335 3376 ut
1356 3309 1433 3377 dicit
1456 3309 1514 3378 lc.
1530 3314 1566 3377 in

189 3416 228 3480 L.
252 3433 328 3481 aero
351 3418 387 3482 in
406 3420 512 3500 princ
530 3419 562 3501 tl
580 3418 617 3483 ae
640 3419 731 3484 ntur.

286 3526 460 3593 «Debitor
490 3527 642 3594 liberatur
672 3526 790 3593 saliens
821 3528 852 3592 in
883 3527 1027 3593 manibus
1057 3526 1272 3610 procuratoris
1301 3527 1464 3594 66666666
1491 3546 1566 3593 cum

187 3659 208 3698 c
235 3636 355 3713 lssrera,
377 3637 450 3703 Got.
472 3637 508 3700 do
531 3645 643 3702 monet.
666 3646 783 3719 quaest.
805 3634 827 3700 3
849 3656 882 3700 n.
904 3632 957 3700 63.

287 3764 305 3804 e
330 3743 493 3810 Extinctio
515 3761 625 3810 census
645 3743 724 3808 tacta
747 3760 821 3809 curu
843 3748 1050 3826 procuratore
1071 3746 1273 3827 praesumpta
1295 3748 1395 3824 tenet,
1419 3742 1516 3810 Cara.
1531 3743 1568 3809 te

188 3873 207 3911 ι
235 3849 321 3914 Lac.
342 3852 380 3914 ae
399 3851 512 3916 cencii.
533 3853 608 3916 disc.
630 3847 675 3915 26
696 3871 728 3916 n
750 3852 779 3916 5.

286 3952 316 4020 3.
337 3958 381 4023 Et
410 3964 575 4042 propterea
606 3960 805 4043 procuratori
835 3960 874 4025 ad
903 3960 975 4026 litos
1004 3978 1066 4025 uon
1089 3965 1173 4025 recte
1193 3959 1288 4037 solvi,
1319 3977 1375 4024 uec
1395 3959 1564 4029 solventem

185 4062 391 4131 liberationi
415 4066 488 4131 Ten.
507 4083 676 4150 66666666
696 4069 733 4131 in
756 4068 791 4132 L.
812 4068 869 4132 lac
885 4068 963 4149 iare
985 4068 1069 4151 flete
1091 4070 1181 4133 solat

281 4168 314 4237 lc
335 4174 368 4240 Si
391 4181 495 4241 666666
517 4175 655 4242 creditor
677 4175 789 4241 lrabeat
821 4181 921 4242 rutam
954 4176 1141 4241 solutionem
1172 4174 1285 4240 luctam
1308 4190 1370 4238 nou
1393 4192 1465 4240 vero
1487 4194 1561 4258 pro-

187 4284 338 4350 curatori
360 4283 484 4350 debltor
506 4284 710 4365 cunmquitur
739 4283 972 4364 liberationem,
994 4289 1042 4348 est
1074 4283 1149 4347 Ten.
1179 4285 1214 4346 in
1244 4283 1273 4346 6.
1296 4282 1331 4346 L.
1353 4299 1425 4346 cero
1445 4299 1565 4363 procu·

187 4394 300 4458 ratori
317 4392 349 4474 ff
363 4393 403 4457 ‹le
424 4396 515 4460 colat.

282 4498 314 4564 5.
336 4501 399 4566 Iste
422 4507 530 4569 autem
552 4508 740 4587 procurator
764 4508 932 4583 antequam
963 4500 1094 4583 recipiat
1123 4497 1293 4563 solutiones
1322 4500 1449 4563 tenetur
1469 4496 1565 4562 etiarn

79 4591 81 4596 ¹
185 4627 252 4673 666
276 4611 449 4691 requisitus
470 4612 632 4678 osoenderc
653 4631 747 4678 suum
770 4607 1180 4689 mandatum,utdioemaa
1199 4602 1405 4687 66601166
1420 4605 1566 4669 manaan

183 4716 417 4798 rroaontone,
443 4718 520 4785 Sim.
541 4721 578 4785 rie
600 4723 706 4787 Praet.
729 4739 811 4785 cons.
833 4715 877 4783 83
901 4738 932 4783 n
954 4715 984 4782 7.
1086 4749 1091 4758 ·

283 4822 315 4888 6
335 4827 427 4907 Quod
459 4831 485 4896 si
517 4836 641 4900 6666666
662 4831 809 4900 mandato
831 4828 997 4896 dubitetur
1018 4827 1058 4893 de
1079 4826 1162 4893 iltius
1190 4821 1402 4992 6666665666
1433 4836 1559 4887 revoca·
