<?xml version="1.0" encoding="UTF-8"?>
<!DOCTYPE html PUBLIC "-//W3C//DTD XHTML 1.0 Transitional//EN"
    "http://www.w3.org/TR/xhtml1/DTD/xhtml1-transitional.dtd">
<html xmlns="http://www.w3.org/1999/xhtml" xml:lang="en" lang="en">
 <head>
  <title>
</title>
<meta http-equiv="Content-Type" content="text/html;charset=utf-8" />
  <meta name='ocr-system' content='tesseract 3.04.00' />
  <meta name='ocr-capabilities' content='ocr_page ocr_carea ocr_par ocr_line ocrx_word'/>
</head>
<body>
  <div class='ocr_page' id='page_1' title='image "./tractatusdeproc00cencgoog/tractatusdeproc00cencgoog_0614.png"; bbox 0 0 3734 5750; ppageno 0'>
   <div class='ocr_carea' id='block_1_1' title="bbox 333 288 1279 366">
    <p class='ocr_par' dir='ltr' id='par_1_1' title="bbox 333 288 1279 366">
     <span class='ocr_line' id='line_1_1' title="bbox 333 288 1279 366; baseline -0.014 0"><span class='ocrx_word' id='word_1_1' title='bbox 333 295 398 366; x_wconf 76' lang='grc'>596</span> <span class='ocrx_word' id='word_1_2' title='bbox 762 288 963 359; x_wconf 78' lang='lat' dir='ltr'>LUDOVlCl</span> <span class='ocrx_word' id='word_1_3' title='bbox 986 288 1107 356; x_wconf 77' lang='lat' dir='ltr'>cultui</span> <span class='ocrx_word' id='word_1_4' title='bbox 1132 288 1279 357; x_wconf 73' lang='lat' dir='ltr'>Tener.</span> 
     </span>
    </p>
   </div>
   <div class='ocr_carea' id='block_1_2' title="bbox 332 459 1712 4003">
    <p class='ocr_par' dir='ltr' id='par_1_2' title="bbox 333 459 1712 1193">
     <span class='ocr_line' id='line_1_2' title="bbox 421 459 1712 548; baseline -0.002 -18"><span class='ocrx_word' id='word_1_5' title='bbox 421 464 451 532; x_wconf 82' lang='lat'><strong><em>3.</em></strong></span> <span class='ocrx_word' id='word_1_6' title='bbox 475 466 563 532; x_wconf 83' lang='lat' dir='ltr'>Licet</span> <span class='ocrx_word' id='word_1_7' title='bbox 583 468 692 529; x_wconf 84' lang='lat' dir='ltr'>autem</span> <span class='ocrx_word' id='word_1_8' title='bbox 716 460 871 527; x_wconf 68' lang='grc'><strong>616661</strong></span> <span class='ocrx_word' id='word_1_9' title='bbox 895 459 931 524; x_wconf 90' lang='lat' dir='ltr'><strong><em>L</em></strong></span> <span class='ocrx_word' id='word_1_10' title='bbox 953 478 1020 524; x_wconf 79' lang='grc'>666</span> <span class='ocrx_word' id='word_1_11' title='bbox 1042 461 1144 524; x_wconf 81' lang='grc'><strong>661616</strong></span> <span class='ocrx_word' id='word_1_12' title='bbox 1165 460 1202 523; x_wconf 82' lang='lat' dir='ltr'>in</span> <span class='ocrx_word' id='word_1_13' title='bbox 1223 462 1328 539; x_wconf 80' lang='lat' dir='ltr'>princ.</span> <span class='ocrx_word' id='word_1_14' title='bbox 1359 463 1397 525; x_wconf 81' lang='grc'>16</span> <span class='ocrx_word' id='word_1_15' title='bbox 1425 463 1712 548; x_wconf 63' lang='grc'><strong>66116166696-</strong></span> 
     </span>
     <span class='ocr_line' id='line_1_3' title="bbox 334 565 1710 656; baseline -0.003 -14"><span class='ocrx_word' id='word_1_16' title='bbox 334 576 470 642; x_wconf 78' lang='lat' dir='ltr'>tionibus</span> <span class='ocrx_word' id='word_1_17' title='bbox 492 589 569 637; x_wconf 78' lang='lat' dir='ltr'>cers.</span> <span class='ocrx_word' id='word_1_18' title='bbox 592 570 646 635; x_wconf 83' lang='lat' dir='ltr'>sed</span> <span class='ocrx_word' id='word_1_19' title='bbox 668 579 705 634; x_wconf 83' lang='grc'>16</span> <span class='ocrx_word' id='word_1_20' title='bbox 727 571 777 634; x_wconf 83' lang='lat' dir='ltr'>dic</span> <span class='ocrx_word' id='word_1_21' title='bbox 799 568 830 650; x_wconf 77' lang='lat' dir='ltr'><strong><em>ff</em></strong></span> <span class='ocrx_word' id='word_1_22' title='bbox 846 570 883 633; x_wconf 81' lang='lat' dir='ltr'>de</span> <span class='ocrx_word' id='word_1_23' title='bbox 905 585 1045 648; x_wconf 81' lang='lat' dir='ltr'>procur,</span> <span class='ocrx_word' id='word_1_24' title='bbox 1069 567 1162 632; x_wconf 84' lang='lat' dir='ltr'>Buld.</span> <span class='ocrx_word' id='word_1_25' title='bbox 1184 570 1221 631; x_wconf 84' lang='lat' dir='ltr'>in</span> <span class='ocrx_word' id='word_1_26' title='bbox 1244 568 1282 632; x_wconf 92' lang='lat' dir='ltr'><strong><em>L</em></strong></span> <span class='ocrx_word' id='word_1_27' title='bbox 1305 565 1322 630; x_wconf 99' lang='grc'>1</span> <span class='ocrx_word' id='word_1_28' title='bbox 1346 571 1382 633; x_wconf 83' lang='grc'>16</span> <span class='ocrx_word' id='word_1_29' title='bbox 1397 568 1500 635; x_wconf 72' lang='grc'><strong>21661.</strong></span> <span class='ocrx_word' id='word_1_30' title='bbox 1521 593 1551 637; x_wconf 79' lang='lat' dir='ltr'>u.</span> <span class='ocrx_word' id='word_1_31' title='bbox 1572 570 1595 636; x_wconf 82' lang='lat' dir='ltr'>&#39;i</span> <span class='ocrx_word' id='word_1_32' title='bbox 1615 573 1650 656; x_wconf 72' lang='lat' dir='ltr'><em>ff</em></span> <span class='ocrx_word' id='word_1_33' title='bbox 1667 574 1710 638; x_wconf 83' lang='lat' dir='ltr'>de</span> 
     </span>
     <span class='ocr_line' id='line_1_4' title="bbox 333 676 1711 762; baseline 0.002 -18"><span class='ocrx_word' id='word_1_34' title='bbox 333 699 470 762; x_wconf 82' lang='lat' dir='ltr'>procur,</span> <span class='ocrx_word' id='word_1_35' title='bbox 493 681 577 745; x_wconf 87' lang='lat' dir='ltr'>dicat</span> <span class='ocrx_word' id='word_1_36' title='bbox 598 678 683 742; x_wconf 90' lang='lat' dir='ltr'>hunc</span> <span class='ocrx_word' id='word_1_37' title='bbox 706 676 879 759; x_wconf 82' lang='lat' dir='ltr'><strong>improprie</strong></span> <span class='ocrx_word' id='word_1_38' title='bbox 901 676 964 740; x_wconf 86' lang='lat' dir='ltr'>diei</span> <span class='ocrx_word' id='word_1_39' title='bbox 986 682 1225 757; x_wconf 85' lang='lat' dir='ltr'>procuratorem</span> <span class='ocrx_word' id='word_1_40' title='bbox 1246 682 1280 741; x_wconf 88' lang='lat' dir='ltr'>et</span> <span class='ocrx_word' id='word_1_41' title='bbox 1302 696 1365 741; x_wconf 90' lang='lat' dir='ltr'>nun</span> <span class='ocrx_word' id='word_1_42' title='bbox 1388 681 1624 762; x_wconf 85' lang='lat' dir='ltr'>compraehendi</span> <span class='ocrx_word' id='word_1_43' title='bbox 1647 684 1711 747; x_wconf 87' lang='lat' dir='ltr'>sub</span> 
     </span>
     <span class='ocr_line' id='line_1_5' title="bbox 335 782 1710 868; baseline -0.001 -14"><span class='ocrx_word' id='word_1_44' title='bbox 335 794 456 854; x_wconf 82' lang='lat' dir='ltr'>statuto</span> <span class='ocrx_word' id='word_1_45' title='bbox 478 789 626 867; x_wconf 76' lang='lat' dir='ltr'>loquente</span> <span class='ocrx_word' id='word_1_46' title='bbox 648 786 688 850; x_wconf 88' lang='lat' dir='ltr'>de</span> <span class='ocrx_word' id='word_1_47' title='bbox 709 789 932 868; x_wconf 73' lang='lat' dir='ltr'>procuratore,</span> <span class='ocrx_word' id='word_1_48' title='bbox 956 784 1040 849; x_wconf 90' lang='lat' dir='ltr'>idem</span> <span class='ocrx_word' id='word_1_49' title='bbox 1062 784 1156 849; x_wconf 85' lang='lat' dir='ltr'>Bcld.</span> <span class='ocrx_word' id='word_1_50' title='bbox 1179 787 1215 848; x_wconf 85' lang='lat' dir='ltr'>io</span> <span class='ocrx_word' id='word_1_51' title='bbox 1240 785 1274 848; x_wconf 90' lang='lat' dir='ltr'>L.</span> <span class='ocrx_word' id='word_1_52' title='bbox 1299 783 1316 848; x_wconf 92' lang='grc'>1</span> <span class='ocrx_word' id='word_1_53' title='bbox 1340 788 1395 850; x_wconf 81' lang='lat' dir='ltr'>cot</span> <span class='ocrx_word' id='word_1_54' title='bbox 1418 782 1441 849; x_wconf 91' lang='grc'>1</span> <span class='ocrx_word' id='word_1_55' title='bbox 1463 807 1495 851; x_wconf 81' lang='lat' dir='ltr'>n.</span> <span class='ocrx_word' id='word_1_56' title='bbox 1519 784 1562 851; x_wconf 91' lang='grc'>11</span> <span class='ocrx_word' id='word_1_57' title='bbox 1583 791 1647 854; x_wconf 86' lang='lat' dir='ltr'>cod.</span> <span class='ocrx_word' id='word_1_58' title='bbox 1669 792 1710 855; x_wconf 84' lang='lat' dir='ltr'>de</span> 
     </span>
     <span class='ocr_line' id='line_1_6' title="bbox 335 891 1708 978; baseline -0.002 -16"><span class='ocrx_word' id='word_1_59' title='bbox 335 909 393 963; x_wconf 83' lang='lat' dir='ltr'>act.</span> <span class='ocrx_word' id='word_1_60' title='bbox 425 907 453 962; x_wconf 87' lang='lat' dir='ltr'>et</span> <span class='ocrx_word' id='word_1_61' title='bbox 485 898 592 978; x_wconf 70' lang='lat' dir='ltr'>obtin,</span> <span class='ocrx_word' id='word_1_62' title='bbox 616 895 681 959; x_wconf 76' lang='grc'><strong>166.</strong></span> <span class='ocrx_word' id='word_1_63' title='bbox 714 896 748 958; x_wconf 84' lang='grc'>16</span> <span class='ocrx_word' id='word_1_64' title='bbox 772 893 801 957; x_wconf 89' lang='lat' dir='ltr'>d.</span> <span class='ocrx_word' id='word_1_65' title='bbox 823 893 859 957; x_wconf 93' lang='lat' dir='ltr'>L.</span> <span class='ocrx_word' id='word_1_66' title='bbox 880 895 937 976; x_wconf 81' lang='lat' dir='ltr'>qni</span> <span class='ocrx_word' id='word_1_67' title='bbox 967 891 1125 974; x_wconf 80' lang='lat' dir='ltr'>stipendia</span> <span class='ocrx_word' id='word_1_68' title='bbox 1148 891 1374 957; x_wconf 73' lang='grc'><strong>62661661</strong></span> <span class='ocrx_word' id='word_1_69' title='bbox 1404 896 1460 958; x_wconf 77' lang='lat' dir='ltr'>iste</span> <span class='ocrx_word' id='word_1_70' title='bbox 1485 906 1708 975; x_wconf 67' lang='lat' dir='ltr'>procurator„</span> 
     </span>
     <span class='ocr_line' id='line_1_7' title="bbox 335 999 1709 1086; baseline -0.001 -15"><span class='ocrx_word' id='word_1_71' title='bbox 335 1007 409 1071; x_wconf 85' lang='lat' dir='ltr'>Dec.</span> <span class='ocrx_word' id='word_1_72' title='bbox 432 1007 467 1068; x_wconf 86' lang='grc'>16</span> <span class='ocrx_word' id='word_1_73' title='bbox 492 1005 527 1068; x_wconf 91' lang='lat' dir='ltr'>L.</span> <span class='ocrx_word' id='word_1_74' title='bbox 549 1005 577 1067; x_wconf 80' lang='lat' dir='ltr'>si</span> <span class='ocrx_word' id='word_1_75' title='bbox 599 1006 670 1085; x_wconf 79' lang='lat' dir='ltr'>quis</span> <span class='ocrx_word' id='word_1_76' title='bbox 693 1004 842 1083; x_wconf 81' lang='lat' dir='ltr'>iniquum</span> <span class='ocrx_word' id='word_1_77' title='bbox 865 999 888 1086; x_wconf 58' lang='grc' dir='ltr'>ὃ</span> <span class='ocrx_word' id='word_1_78' title='bbox 910 1002 939 1064; x_wconf 82' lang='lat' dir='ltr'>oi</span> <span class='ocrx_word' id='word_1_79' title='bbox 958 1009 1153 1081; x_wconf 80' lang='lat' dir='ltr'>procurator</span> <span class='ocrx_word' id='word_1_80' title='bbox 1168 1019 1199 1065; x_wconf 87' lang='lat' dir='ltr'>n.</span> <span class='ocrx_word' id='word_1_81' title='bbox 1213 1000 1278 1084; x_wconf 73' lang='lat' dir='ltr'>*lff</span> <span class='ocrx_word' id='word_1_82' title='bbox 1296 1003 1375 1084; x_wconf 80' lang='lat' dir='ltr'>quid</span> <span class='ocrx_word' id='word_1_83' title='bbox 1398 1006 1499 1086; x_wconf 80' lang='lat' dir='ltr'>quisq.</span> <span class='ocrx_word' id='word_1_84' title='bbox 1517 1004 1596 1084; x_wconf 76' lang='lat' dir='ltr'>jur„</span> <span class='ocrx_word' id='word_1_85' title='bbox 1614 1005 1709 1071; x_wconf 80' lang='lat' dir='ltr'>Costa</span> 
     </span>
     <span class='ocr_line' id='line_1_8' title="bbox 335 1106 1487 1193; baseline -0.002 -17"><span class='ocrx_word' id='word_1_86' title='bbox 335 1112 371 1176; x_wconf 86' lang='lat' dir='ltr'>dc</span> <span class='ocrx_word' id='word_1_87' title='bbox 390 1114 529 1193; x_wconf 75' lang='lat' dir='ltr'>portiom</span> <span class='ocrx_word' id='word_1_88' title='bbox 551 1122 642 1174; x_wconf 82' lang='lat' dir='ltr'>rotae</span> <span class='ocrx_word' id='word_1_89' title='bbox 665 1119 783 1193; x_wconf 82' lang='lat' dir='ltr'>quaest</span> <span class='ocrx_word' id='word_1_90' title='bbox 806 1107 849 1172; x_wconf 71' lang='lat'>20</span> <span class='ocrx_word' id='word_1_91' title='bbox 872 1128 904 1174; x_wconf 81' lang='lat' dir='ltr'>n.</span> <span class='ocrx_word' id='word_1_92' title='bbox 930 1106 982 1186; x_wconf 88' lang='lat'>11,</span> <span class='ocrx_word' id='word_1_93' title='bbox 1006 1108 1164 1175; x_wconf 79' lang='lat' dir='ltr'>Bertunot</span> <span class='ocrx_word' id='word_1_94' title='bbox 1188 1108 1335 1175; x_wconf 71' lang='lat' dir='ltr'>dilicta.</span> <span class='ocrx_word' id='word_1_95' title='bbox 1362 1108 1378 1172; x_wconf 90' lang='lat'>1</span> <span class='ocrx_word' id='word_1_96' title='bbox 1402 1130 1435 1174; x_wconf 79' lang='lat' dir='ltr'>n.</span> <span class='ocrx_word' id='word_1_97' title='bbox 1459 1109 1487 1175; x_wconf 90' lang='lat'><strong><em>1.</em></strong></span> 
     </span>
    </p>

    <p class='ocr_par' dir='ltr' id='par_1_3' title="bbox 334 1215 1708 1735">
     <span class='ocr_line' id='line_1_9' title="bbox 422 1215 1706 1303; baseline 0.004 -20"><span class='ocrx_word' id='word_1_98' title='bbox 422 1216 453 1283; x_wconf 98' lang='grc'>1.</span> <span class='ocrx_word' id='word_1_99' title='bbox 475 1218 557 1298; x_wconf 84' lang='lat' dir='ltr'>Quia</span> <span class='ocrx_word' id='word_1_100' title='bbox 581 1225 685 1284; x_wconf 91' lang='lat' dir='ltr'>tamen</span> <span class='ocrx_word' id='word_1_101' title='bbox 707 1219 814 1303; x_wconf 76' lang='lat' dir='ltr'>legum</span> <span class='ocrx_word' id='word_1_102' title='bbox 837 1218 951 1283; x_wconf 88' lang='lat' dir='ltr'>latores</span> <span class='ocrx_word' id='word_1_103' title='bbox 975 1215 1011 1301; x_wconf 80' lang='lat' dir='ltr'>(a</span> <span class='ocrx_word' id='word_1_104' title='bbox 1034 1218 1151 1298; x_wconf 82' lang='lat' dir='ltr'>quibus</span> <span class='ocrx_word' id='word_1_105' title='bbox 1173 1220 1349 1302; x_wconf 73' lang='lat' dir='ltr'>proprietas</span> <span class='ocrx_word' id='word_1_106' title='bbox 1370 1218 1594 1285; x_wconf 77' lang='lat' dir='ltr'>rumbolorum</span> <span class='ocrx_word' id='word_1_107' title='bbox 1615 1222 1706 1288; x_wconf 83' lang='lat' dir='ltr'>desu-</span> 
     </span>
     <span class='ocr_line' id='line_1_10' title="bbox 337 1323 1708 1411; baseline 0.003 -19"><span class='ocrx_word' id='word_1_108' title='bbox 337 1331 454 1404; x_wconf 91' lang='lat' dir='ltr'>mitur,</span> <span class='ocrx_word' id='word_1_109' title='bbox 478 1327 569 1389; x_wconf 74' lang='lat' dir='ltr'>Buri.</span> <span class='ocrx_word' id='word_1_110' title='bbox 593 1328 627 1391; x_wconf 82' lang='lat' dir='ltr'>in</span> <span class='ocrx_word' id='word_1_111' title='bbox 651 1327 687 1390; x_wconf 92' lang='lat' dir='ltr'>L.</span> <span class='ocrx_word' id='word_1_112' title='bbox 707 1342 814 1390; x_wconf 80' lang='lat' dir='ltr'>omncs</span> <span class='ocrx_word' id='word_1_113' title='bbox 839 1326 958 1407; x_wconf 79' lang='lat' dir='ltr'>Populi</span> <span class='ocrx_word' id='word_1_114' title='bbox 979 1345 1011 1390; x_wconf 78' lang='lat' dir='ltr'>n</span> <span class='ocrx_word' id='word_1_115' title='bbox 1035 1323 1127 1409; x_wconf 75' lang='grc'><strong>6911</strong></span> <span class='ocrx_word' id='word_1_116' title='bbox 1145 1327 1346 1408; x_wconf 70' lang='grc'><strong>1616611161</strong></span> <span class='ocrx_word' id='word_1_117' title='bbox 1366 1328 1440 1407; x_wconf 84' lang='lat' dir='ltr'>jur.</span> <span class='ocrx_word' id='word_1_118' title='bbox 1462 1330 1498 1393; x_wconf 97' lang='lat' dir='ltr'>L.</span> <span class='ocrx_word' id='word_1_119' title='bbox 1518 1334 1660 1411; x_wconf 80' lang='lat' dir='ltr'>proprie,</span> <span class='ocrx_word' id='word_1_120' title='bbox 1676 1333 1708 1396; x_wconf 89' lang='lat' dir='ltr'><strong><em>L</em></strong></span> 
     </span>
     <span class='ocr_line' id='line_1_11' title="bbox 334 1416 1706 1520; baseline 0.004 -22"><span class='ocrx_word' id='word_1_121' title='bbox 334 1438 419 1517; x_wconf 81' lang='lat' dir='ltr'>ferri</span> <span class='ocrx_word' id='word_1_122' title='bbox 438 1434 521 1514; x_wconf 70' lang='lat' dir='ltr'>tide</span> <span class='ocrx_word' id='word_1_123' title='bbox 545 1434 622 1498; x_wconf 83' lang='lat' dir='ltr'>vert.</span> <span class='ocrx_word' id='word_1_124' title='bbox 645 1431 759 1516; x_wconf 73' lang='lat' dir='ltr'>siqu),</span> <span class='ocrx_word' id='word_1_125' title='bbox 782 1436 878 1500; x_wconf 86' lang='lat' dir='ltr'>istum</span> <span class='ocrx_word' id='word_1_126' title='bbox 901 1416 1138 1517; x_wconf 81' lang='lat' dir='ltr'>procuratorem</span> <span class='ocrx_word' id='word_1_127' title='bbox 1161 1436 1327 1519; x_wconf 77' lang='lat' dir='ltr'>appellant,</span> <span class='ocrx_word' id='word_1_128' title='bbox 1348 1439 1385 1501; x_wconf 82' lang='lat' dir='ltr'>io</span> <span class='ocrx_word' id='word_1_129' title='bbox 1409 1438 1445 1501; x_wconf 89' lang='lat' dir='ltr'>L.</span> <span class='ocrx_word' id='word_1_130' title='bbox 1460 1441 1489 1502; x_wconf 78' lang='lat' dir='ltr'>ni</span> <span class='ocrx_word' id='word_1_131' title='bbox 1503 1441 1576 1520; x_wconf 82' lang='lat' dir='ltr'>quis</span> <span class='ocrx_word' id='word_1_132' title='bbox 1591 1442 1627 1504; x_wconf 84' lang='lat' dir='ltr'>in</span> <span class='ocrx_word' id='word_1_133' title='bbox 1642 1459 1706 1504; x_wconf 80' lang='lat' dir='ltr'>rem</span> 
     </span>
     <span class='ocr_line' id='line_1_12' title="bbox 335 1543 1708 1628; baseline 0.001 -21"><span class='ocrx_word' id='word_1_134' title='bbox 335 1565 428 1610; x_wconf 84' lang='lat' dir='ltr'>snam</span> <span class='ocrx_word' id='word_1_135' title='bbox 450 1543 481 1626; x_wconf 80' lang='lat' dir='ltr'><em>ff</em></span> <span class='ocrx_word' id='word_1_136' title='bbox 499 1544 535 1606; x_wconf 83' lang='lat' dir='ltr'>dc</span> <span class='ocrx_word' id='word_1_137' title='bbox 556 1560 705 1624; x_wconf 60' lang='lat' dir='ltr'>procur„</span> <span class='ocrx_word' id='word_1_138' title='bbox 719 1544 755 1606; x_wconf 86' lang='grc'>16</span> <span class='ocrx_word' id='word_1_139' title='bbox 779 1543 815 1606; x_wconf 86' lang='grc'>1.</span> <span class='ocrx_word' id='word_1_140' title='bbox 837 1553 1030 1624; x_wconf 80' lang='lat' dir='ltr'>procurator</span> <span class='ocrx_word' id='word_1_141' title='bbox 1054 1546 1089 1607; x_wconf 84' lang='lat' dir='ltr'>in</span> <span class='ocrx_word' id='word_1_142' title='bbox 1110 1561 1177 1608; x_wconf 78' lang='lat' dir='ltr'>reto</span> <span class='ocrx_word' id='word_1_143' title='bbox 1201 1562 1295 1608; x_wconf 83' lang='lat' dir='ltr'>sunm</span> <span class='ocrx_word' id='word_1_144' title='bbox 1317 1545 1348 1628; x_wconf 76' lang='lat' dir='ltr'><em>ff</em></span> <span class='ocrx_word' id='word_1_145' title='bbox 1365 1563 1399 1608; x_wconf 80' lang='lat' dir='ltr'>co</span> <span class='ocrx_word' id='word_1_146' title='bbox 1423 1547 1486 1623; x_wconf 82' lang='grc'><strong>111,</strong></span> <span class='ocrx_word' id='word_1_147' title='bbox 1501 1548 1539 1609; x_wconf 78' lang='lat' dir='ltr'>in</span> <span class='ocrx_word' id='word_1_148' title='bbox 1556 1546 1592 1608; x_wconf 89' lang='lat' dir='ltr'><strong><em>L</em></strong></span> <span class='ocrx_word' id='word_1_149' title='bbox 1600 1547 1708 1627; x_wconf 59' lang='grc'><strong>6616-</strong></span> 
     </span>
     <span class='ocr_line' id='line_1_13' title="bbox 336 1651 1400 1735; baseline -0.002 -17"><span class='ocrx_word' id='word_1_150' title='bbox 336 1654 478 1718; x_wconf 81' lang='lat' dir='ltr'>rondum</span> <span class='ocrx_word' id='word_1_151' title='bbox 500 1653 587 1735; x_wconf 82' lang='lat' dir='ltr'>pund</span> <span class='ocrx_word' id='word_1_152' title='bbox 608 1669 648 1715; x_wconf 78' lang='lat' dir='ltr'>cu</span> <span class='ocrx_word' id='word_1_153' title='bbox 671 1652 875 1715; x_wconf 71' lang='lat' dir='ltr'>mancatione</span> <span class='ocrx_word' id='word_1_154' title='bbox 893 1652 924 1735; x_wconf 78' lang='lat' dir='ltr'><em>ff</em></span> <span class='ocrx_word' id='word_1_155' title='bbox 942 1653 979 1715; x_wconf 84' lang='lat' dir='ltr'>de</span> <span class='ocrx_word' id='word_1_156' title='bbox 996 1651 1138 1732; x_wconf 70' lang='lat' dir='ltr'>iurejur.</span> <span class='ocrx_word' id='word_1_157' title='bbox 1157 1656 1192 1717; x_wconf 89' lang='lat' dir='ltr'>et</span> <span class='ocrx_word' id='word_1_158' title='bbox 1214 1651 1298 1717; x_wconf 91' lang='lat' dir='ltr'>lorte</span> <span class='ocrx_word' id='word_1_159' title='bbox 1318 1652 1400 1718; x_wconf 85' lang='lat' dir='ltr'>alibi.</span> 
     </span>
    </p>

    <p class='ocr_par' dir='ltr' id='par_1_4' title="bbox 335 1762 1706 2059">
     <span class='ocr_line' id='line_1_14' title="bbox 423 1762 1691 1846; baseline 0.003 -21"><span class='ocrx_word' id='word_1_160' title='bbox 423 1763 451 1825; x_wconf 83' lang='lat'><strong><em>5.</em></strong></span> <span class='ocrx_word' id='word_1_161' title='bbox 474 1763 566 1827; x_wconf 85' lang='lat' dir='ltr'>Hunc</span> <span class='ocrx_word' id='word_1_162' title='bbox 588 1767 828 1844; x_wconf 88' lang='lat' dir='ltr'>procuratorem</span> <span class='ocrx_word' id='word_1_163' title='bbox 852 1763 981 1845; x_wconf 89' lang='lat' dir='ltr'>proprie</span> <span class='ocrx_word' id='word_1_164' title='bbox 1001 1763 1064 1828; x_wconf 91' lang='lat' dir='ltr'>dici</span> <span class='ocrx_word' id='word_1_165' title='bbox 1085 1762 1335 1828; x_wconf 85' lang='lat' dir='ltr'>concludendum</span> <span class='ocrx_word' id='word_1_166' title='bbox 1359 1764 1496 1841; x_wconf 77' lang='lat' dir='ltr'>uidetur,</span> <span class='ocrx_word' id='word_1_167' title='bbox 1517 1771 1615 1846; x_wconf 89' lang='lat' dir='ltr'>prout</span> <span class='ocrx_word' id='word_1_168' title='bbox 1634 1782 1691 1829; x_wconf 88' lang='lat' dir='ltr'>oon</span> 
     </span>
     <span class='ocr_line' id='line_1_15' title="bbox 335 1868 1706 1956; baseline -0.003 -17"><span class='ocrx_word' id='word_1_169' title='bbox 335 1874 435 1939; x_wconf 89' lang='lat' dir='ltr'>cludit</span> <span class='ocrx_word' id='word_1_170' title='bbox 462 1870 509 1934; x_wconf 84' lang='grc' dir='ltr'>1ο.</span> <span class='ocrx_word' id='word_1_171' title='bbox 533 1870 634 1932; x_wconf 82' lang='lat' dir='ltr'>Andr.</span> <span class='ocrx_word' id='word_1_172' title='bbox 657 1871 693 1933; x_wconf 83' lang='lat' dir='ltr'>io</span> <span class='ocrx_word' id='word_1_173' title='bbox 715 1870 816 1934; x_wconf 82' lang='lat' dir='ltr'>addit.</span> <span class='ocrx_word' id='word_1_174' title='bbox 837 1870 880 1934; x_wconf 86' lang='lat' dir='ltr'>ud</span> <span class='ocrx_word' id='word_1_175' title='bbox 905 1869 1079 1952; x_wconf 68' lang='lat' dir='ltr'>Spectet-in</span> <span class='ocrx_word' id='word_1_176' title='bbox 1095 1872 1140 1935; x_wconf 83' lang='lat' dir='ltr'>tit.</span> <span class='ocrx_word' id='word_1_177' title='bbox 1162 1871 1199 1934; x_wconf 80' lang='lat' dir='ltr'>dc</span> <span class='ocrx_word' id='word_1_178' title='bbox 1220 1880 1385 1953; x_wconf 67' lang='lat' dir='ltr'>procurat</span> <span class='ocrx_word' id='word_1_179' title='bbox 1400 1868 1423 1956; x_wconf 76' lang='lat' dir='ltr'>S</span> <span class='ocrx_word' id='word_1_180' title='bbox 1435 1873 1491 1955; x_wconf 69' lang='lat' dir='ltr'>pu.</span> <span class='ocrx_word' id='word_1_181' title='bbox 1504 1883 1706 1937; x_wconf 68' lang='lat' dir='ltr'>uersurum</span> 
     </span>
     <span class='ocr_line' id='line_1_16' title="bbox 335 1974 1206 2059; baseline -0.001 -13"><span class='ocrx_word' id='word_1_182' title='bbox 335 1993 462 2059; x_wconf 82' lang='lat' dir='ltr'>cutem,</span> <span class='ocrx_word' id='word_1_183' title='bbox 485 1979 641 2044; x_wconf 80' lang='lat' dir='ltr'>referente</span> <span class='ocrx_word' id='word_1_184' title='bbox 665 1978 813 2042; x_wconf 78' lang='lat' dir='ltr'>blundell.</span> <span class='ocrx_word' id='word_1_185' title='bbox 837 1978 902 2042; x_wconf 82' lang='lat' dir='ltr'>Alb.</span> <span class='ocrx_word' id='word_1_186' title='bbox 926 1996 1010 2043; x_wconf 82' lang='lat' dir='ltr'>cons.</span> <span class='ocrx_word' id='word_1_187' title='bbox 1033 1974 1099 2043; x_wconf 84' lang='grc'>166</span> <span class='ocrx_word' id='word_1_188' title='bbox 1121 1997 1153 2043; x_wconf 88' lang='lat' dir='ltr'>o.</span> <span class='ocrx_word' id='word_1_189' title='bbox 1176 1976 1206 2045; x_wconf 91' lang='lat'>8.</span> 
     </span>
    </p>

    <p class='ocr_par' dir='ltr' id='par_1_5' title="bbox 332 2084 1709 3147">
     <span class='ocr_line' id='line_1_17' title="bbox 426 2084 1709 2169; baseline -0.001 -18"><span class='ocrx_word' id='word_1_190' title='bbox 426 2087 456 2152; x_wconf 97' lang='grc'>6.</span> <span class='ocrx_word' id='word_1_191' title='bbox 477 2089 585 2168; x_wconf 81' lang='lat' dir='ltr'>Neque</span> <span class='ocrx_word' id='word_1_192' title='bbox 600 2104 640 2151; x_wconf 82' lang='lat' dir='ltr'>ex</span> <span class='ocrx_word' id='word_1_193' title='bbox 657 2086 794 2167; x_wconf 86' lang='lat' dir='ltr'>eoquod</span> <span class='ocrx_word' id='word_1_194' title='bbox 810 2104 871 2149; x_wconf 90' lang='lat' dir='ltr'>uon</span> <span class='ocrx_word' id='word_1_195' title='bbox 885 2086 1367 2167; x_wconf 80' lang='lat' dir='ltr'>comprehendatursubstntnto</span> <span class='ocrx_word' id='word_1_196' title='bbox 1375 2085 1557 2169; x_wconf 87' lang='lat' dir='ltr'>simpliciter</span> <span class='ocrx_word' id='word_1_197' title='bbox 1566 2084 1709 2166; x_wconf 79' lang='lat' dir='ltr'>loquente</span> 
     </span>
     <span class='ocr_line' id='line_1_18' title="bbox 335 2194 1709 2277; baseline -0.002 -18"><span class='ocrx_word' id='word_1_198' title='bbox 335 2198 374 2260; x_wconf 88' lang='lat' dir='ltr'>de</span> <span class='ocrx_word' id='word_1_199' title='bbox 396 2199 619 2277; x_wconf 81' lang='lat' dir='ltr'>procuratore,</span> <span class='ocrx_word' id='word_1_200' title='bbox 641 2194 786 2274; x_wconf 82' lang='lat' dir='ltr'>sequitur</span> <span class='ocrx_word' id='word_1_201' title='bbox 807 2194 892 2274; x_wconf 88' lang='lat' dir='ltr'>quod</span> <span class='ocrx_word' id='word_1_202' title='bbox 914 2212 976 2257; x_wconf 92' lang='lat' dir='ltr'>nou</span> <span class='ocrx_word' id='word_1_203' title='bbox 998 2195 1040 2259; x_wconf 90' lang='lat' dir='ltr'>sit</span> <span class='ocrx_word' id='word_1_204' title='bbox 1062 2194 1191 2277; x_wconf 87' lang='lat' dir='ltr'>proprie</span> <span class='ocrx_word' id='word_1_205' title='bbox 1206 2201 1411 2277; x_wconf 87' lang='lat' dir='ltr'>pmcurator,</span> <span class='ocrx_word' id='word_1_206' title='bbox 1433 2201 1472 2259; x_wconf 91' lang='lat' dir='ltr'>ut</span> <span class='ocrx_word' id='word_1_207' title='bbox 1493 2196 1591 2259; x_wconf 83' lang='lat' dir='ltr'>infert</span> <span class='ocrx_word' id='word_1_208' title='bbox 1621 2194 1709 2257; x_wconf 80' lang='lat' dir='ltr'>lintd</span> 
     </span>
     <span class='ocr_line' id='line_1_19' title="bbox 335 2302 1708 2386; baseline -0.006 -14"><span class='ocrx_word' id='word_1_209' title='bbox 335 2311 367 2372; x_wconf 92' lang='lat' dir='ltr'>et</span> <span class='ocrx_word' id='word_1_210' title='bbox 390 2305 445 2385; x_wconf 90' lang='lat' dir='ltr'>qui</span> <span class='ocrx_word' id='word_1_211' title='bbox 468 2303 556 2368; x_wconf 89' lang='lat' dir='ltr'>illum</span> <span class='ocrx_word' id='word_1_212' title='bbox 580 2308 766 2383; x_wconf 86' lang='lat' dir='ltr'>sequuntur.</span> <span class='ocrx_word' id='word_1_213' title='bbox 779 2303 862 2377; x_wconf 79' lang='lat' dir='ltr'>Huic</span> <span class='ocrx_word' id='word_1_214' title='bbox 877 2304 961 2367; x_wconf 90' lang='lat' dir='ltr'>enim</span> <span class='ocrx_word' id='word_1_215' title='bbox 985 2304 1107 2368; x_wconf 86' lang='lat' dir='ltr'>obiecto</span> <span class='ocrx_word' id='word_1_216' title='bbox 1129 2303 1348 2386; x_wconf 86' lang='lat' dir='ltr'>multipliciter</span> <span class='ocrx_word' id='word_1_217' title='bbox 1371 2303 1538 2386; x_wconf 80' lang='lat' dir='ltr'>respondet</span> <span class='ocrx_word' id='word_1_218' title='bbox 1561 2304 1659 2367; x_wconf 81' lang='lat' dir='ltr'>Puni.</span> <span class='ocrx_word' id='word_1_219' title='bbox 1673 2302 1708 2364; x_wconf 81' lang='lat' dir='ltr'>do</span> 
     </span>
     <span class='ocr_line' id='line_1_20' title="bbox 337 2408 1709 2493; baseline -0.008 -12"><span class='ocrx_word' id='word_1_220' title='bbox 337 2415 497 2482; x_wconf 66' lang='grc'><strong>066616</strong></span> <span class='ocrx_word' id='word_1_221' title='bbox 521 2414 556 2478; x_wconf 97' lang='lat' dir='ltr'><strong><em>L</em></strong></span> <span class='ocrx_word' id='word_1_222' title='bbox 580 2410 597 2474; x_wconf 94' lang='lat'>1</span> <span class='ocrx_word' id='word_1_223' title='bbox 621 2408 878 2475; x_wconf 74' lang='grc'><strong>6611666116</strong></span> <span class='ocrx_word' id='word_1_224' title='bbox 900 2413 1037 2493; x_wconf 84' lang='lat' dir='ltr'>princip.</span> <span class='ocrx_word' id='word_1_225' title='bbox 1052 2409 1149 2476; x_wconf 80' lang='lat' dir='ltr'>Glosn</span> <span class='ocrx_word' id='word_1_226' title='bbox 1172 2411 1202 2493; x_wconf 73' lang='grc'>11</span> <span class='ocrx_word' id='word_1_227' title='bbox 1212 2411 1247 2475; x_wconf 87' lang='lat' dir='ltr'>de</span> <span class='ocrx_word' id='word_1_228' title='bbox 1268 2421 1442 2492; x_wconf 79' lang='lat' dir='ltr'>procuret,</span> <span class='ocrx_word' id='word_1_229' title='bbox 1464 2416 1498 2475; x_wconf 90' lang='lat' dir='ltr'>et</span> <span class='ocrx_word' id='word_1_230' title='bbox 1517 2410 1597 2474; x_wconf 91' lang='lat' dir='ltr'>dum</span> <span class='ocrx_word' id='word_1_231' title='bbox 1612 2409 1709 2489; x_wconf 78' lang='lat' dir='ltr'><strong>aliqui</strong></span> 
     </span>
     <span class='ocr_line' id='line_1_21' title="bbox 337 2518 1709 2602; baseline -0.007 -12"><span class='ocrx_word' id='word_1_232' title='bbox 337 2523 405 2591; x_wconf 83' lang='lat' dir='ltr'>bb.</span> <span class='ocrx_word' id='word_1_233' title='bbox 427 2522 538 2585; x_wconf 88' lang='lat' dir='ltr'>dieunt</span> <span class='ocrx_word' id='word_1_234' title='bbox 560 2520 645 2601; x_wconf 85' lang='lat' dir='ltr'>quud</span> <span class='ocrx_word' id='word_1_235' title='bbox 668 2520 794 2585; x_wconf 91' lang='lat' dir='ltr'>dicatur</span> <span class='ocrx_word' id='word_1_236' title='bbox 816 2525 1005 2601; x_wconf 84' lang='lat' dir='ltr'>pmcnrator</span> <span class='ocrx_word' id='word_1_237' title='bbox 1028 2520 1221 2602; x_wconf 79' lang='lat' dir='ltr'>improprie,</span> <span class='ocrx_word' id='word_1_238' title='bbox 1243 2520 1337 2585; x_wconf 87' lang='lat' dir='ltr'>debet</span> <span class='ocrx_word' id='word_1_239' title='bbox 1359 2518 1511 2602; x_wconf 78' lang='lat' dir='ltr'>intelligi,</span> <span class='ocrx_word' id='word_1_240' title='bbox 1534 2523 1572 2584; x_wconf 89' lang='lat' dir='ltr'>ut</span> <span class='ocrx_word' id='word_1_241' title='bbox 1594 2536 1709 2601; x_wconf 83' lang='lat' dir='ltr'>procu-</span> 
     </span>
     <span class='ocr_line' id='line_1_22' title="bbox 335 2628 1709 2711; baseline 0 -19"><span class='ocrx_word' id='word_1_242' title='bbox 335 2633 422 2693; x_wconf 88' lang='lat' dir='ltr'>rator</span> <span class='ocrx_word' id='word_1_243' title='bbox 446 2629 477 2690; x_wconf 90' lang='lat' dir='ltr'>in</span> <span class='ocrx_word' id='word_1_244' title='bbox 502 2646 569 2691; x_wconf 89' lang='lat' dir='ltr'>rem</span> <span class='ocrx_word' id='word_1_245' title='bbox 592 2645 681 2692; x_wconf 90' lang='lat' dir='ltr'>suam</span> <span class='ocrx_word' id='word_1_246' title='bbox 704 2629 829 2693; x_wconf 89' lang='lat' dir='ltr'>dicatur</span> <span class='ocrx_word' id='word_1_247' title='bbox 853 2628 1024 2710; x_wconf 87' lang='lat' dir='ltr'>improprie</span> <span class='ocrx_word' id='word_1_248' title='bbox 1046 2633 1234 2710; x_wconf 85' lang='lat' dir='ltr'>pmcurntor</span> <span class='ocrx_word' id='word_1_249' title='bbox 1255 2646 1294 2693; x_wconf 89' lang='lat' dir='ltr'>eo</span> <span class='ocrx_word' id='word_1_250' title='bbox 1318 2635 1472 2711; x_wconf 77' lang='lat' dir='ltr'>respectu,</span> <span class='ocrx_word' id='word_1_251' title='bbox 1486 2629 1572 2708; x_wconf 77' lang='lat' dir='ltr'>quod</span> <span class='ocrx_word' id='word_1_252' title='bbox 1596 2628 1709 2692; x_wconf 83' lang='lat' dir='ltr'>babeat</span> 
     </span>
     <span class='ocr_line' id='line_1_23' title="bbox 332 2736 1709 2821; baseline -0.004 -18"><span class='ocrx_word' id='word_1_253' title='bbox 332 2740 381 2820; x_wconf 87' lang='lat' dir='ltr'>jus</span> <span class='ocrx_word' id='word_1_254' title='bbox 403 2738 518 2802; x_wconf 84' lang='lat' dir='ltr'>lortius</span> <span class='ocrx_word' id='word_1_255' title='bbox 539 2741 572 2802; x_wconf 90' lang='lat' dir='ltr'>et</span> <span class='ocrx_word' id='word_1_256' title='bbox 594 2738 754 2819; x_wconf 87' lang='lat' dir='ltr'>potentius</span> <span class='ocrx_word' id='word_1_257' title='bbox 776 2754 872 2817; x_wconf 86' lang='lat' dir='ltr'>quam</span> <span class='ocrx_word' id='word_1_258' title='bbox 894 2738 1026 2819; x_wconf 79' lang='lat' dir='ltr'>simplex</span> <span class='ocrx_word' id='word_1_259' title='bbox 1057 2745 1263 2821; x_wconf 66' lang='lat' dir='ltr'>procuratum</span> <span class='ocrx_word' id='word_1_260' title='bbox 1288 2738 1421 2818; x_wconf 80' lang='lat' dir='ltr'>ideoque</span> <span class='ocrx_word' id='word_1_261' title='bbox 1450 2742 1570 2803; x_wconf 80' lang='grc'><strong>6161616</strong></span> <span class='ocrx_word' id='word_1_262' title='bbox 1603 2736 1709 2816; x_wconf 82' lang='lat' dir='ltr'>requi-</span> 
     </span>
     <span class='ocr_line' id='line_1_24' title="bbox 336 2844 1707 2929; baseline 0.001 -20"><span class='ocrx_word' id='word_1_263' title='bbox 336 2846 435 2910; x_wconf 89' lang='lat' dir='ltr'>rentia</span> <span class='ocrx_word' id='word_1_264' title='bbox 458 2844 595 2925; x_wconf 85' lang='lat' dir='ltr'>aliquam</span> <span class='ocrx_word' id='word_1_265' title='bbox 618 2844 846 2910; x_wconf 79' lang='lat' dir='ltr'>solemnitatem</span> <span class='ocrx_word' id='word_1_266' title='bbox 870 2847 901 2910; x_wconf 92' lang='lat' dir='ltr'>iu</span> <span class='ocrx_word' id='word_1_267' title='bbox 924 2846 1115 2929; x_wconf 80' lang='lat' dir='ltr'>simplicibus</span> <span class='ocrx_word' id='word_1_268' title='bbox 1137 2847 1410 2929; x_wconf 79' lang='lat' dir='ltr'>procuratoribus,</span> <span class='ocrx_word' id='word_1_269' title='bbox 1426 2864 1487 2911; x_wconf 92' lang='lat' dir='ltr'>nun</span> <span class='ocrx_word' id='word_1_270' title='bbox 1503 2845 1707 2928; x_wconf 83' lang='lat' dir='ltr'>eomprehen-</span> 
     </span>
     <span class='ocr_line' id='line_1_25' title="bbox 333 2951 1709 3034; baseline -0.001 -17"><span class='ocrx_word' id='word_1_271' title='bbox 333 2954 408 3018; x_wconf 90' lang='lat' dir='ltr'>dent</span> <span class='ocrx_word' id='word_1_272' title='bbox 431 2957 670 3034; x_wconf 90' lang='lat' dir='ltr'>procuratorem</span> <span class='ocrx_word' id='word_1_273' title='bbox 705 2953 734 3016; x_wconf 91' lang='lat' dir='ltr'>iu</span> <span class='ocrx_word' id='word_1_274' title='bbox 768 2971 835 3017; x_wconf 90' lang='lat' dir='ltr'>rem</span> <span class='ocrx_word' id='word_1_275' title='bbox 867 2972 976 3031; x_wconf 90' lang='lat' dir='ltr'>snam,</span> <span class='ocrx_word' id='word_1_276' title='bbox 1000 2959 1037 3018; x_wconf 91' lang='lat' dir='ltr'>ut</span> <span class='ocrx_word' id='word_1_277' title='bbox 1059 2956 1235 3021; x_wconf 87' lang='lat' dir='ltr'>considerat</span> <span class='ocrx_word' id='word_1_278' title='bbox 1267 2955 1507 3019; x_wconf 76' lang='grc'><strong>1166161116.</strong></span> <span class='ocrx_word' id='word_1_279' title='bbox 1536 2951 1709 3019; x_wconf 68' lang='grc'><strong>6661226</strong></span> 
     </span>
     <span class='ocr_line' id='line_1_26' title="bbox 337 3058 1528 3147; baseline 0.001 -21"><span class='ocrx_word' id='word_1_280' title='bbox 337 3082 368 3126; x_wconf 85' lang='lat' dir='ltr'>n.</span> <span class='ocrx_word' id='word_1_281' title='bbox 390 3059 434 3125; x_wconf 87' lang='grc'>16</span> <span class='ocrx_word' id='word_1_282' title='bbox 456 3063 506 3126; x_wconf 85' lang='grc'><strong>111.</strong></span> <span class='ocrx_word' id='word_1_283' title='bbox 529 3060 550 3123; x_wconf 79' lang='lat'>‘2</span> <span class='ocrx_word' id='word_1_284' title='bbox 573 3072 600 3125; x_wconf 88' lang='lat' dir='ltr'>ct</span> <span class='ocrx_word' id='word_1_285' title='bbox 624 3058 795 3126; x_wconf 69' lang='lat' dir='ltr'>coenibii</span> <span class='ocrx_word' id='word_1_286' title='bbox 817 3082 848 3126; x_wconf 80' lang='lat' dir='ltr'>a.</span> <span class='ocrx_word' id='word_1_287' title='bbox 872 3061 910 3142; x_wconf 82' lang='lat' dir='ltr'>e,</span> <span class='ocrx_word' id='word_1_288' title='bbox 933 3060 1209 3130; x_wconf 73' lang='grc'><strong>6116611156.</strong></span> <span class='ocrx_word' id='word_1_289' title='bbox 1232 3063 1253 3126; x_wconf 90' lang='grc'>7</span> <span class='ocrx_word' id='word_1_290' title='bbox 1277 3074 1303 3128; x_wconf 84' lang='lat' dir='ltr'>et</span> <span class='ocrx_word' id='word_1_291' title='bbox 1326 3061 1528 3147; x_wconf 67' lang='grc'><strong>66661163.</strong></span> 
     </span>
    </p>

    <p class='ocr_par' dir='ltr' id='par_1_6' title="bbox 333 3169 1709 3668">
     <span class='ocr_line' id='line_1_27' title="bbox 422 3169 1706 3257; baseline -0.001 -23"><span class='ocrx_word' id='word_1_292' title='bbox 422 3171 454 3234; x_wconf 86' lang='lat'><strong><em>7.</em></strong></span> <span class='ocrx_word' id='word_1_293' title='bbox 475 3169 659 3249; x_wconf 84' lang='lat' dir='ltr'>Quinimmo</span> <span class='ocrx_word' id='word_1_294' title='bbox 682 3171 867 3235; x_wconf 84' lang='lat' dir='ltr'>affirmative</span> <span class='ocrx_word' id='word_1_295' title='bbox 888 3189 1012 3255; x_wconf 90' lang='lat' dir='ltr'>semper</span> <span class='ocrx_word' id='word_1_296' title='bbox 1035 3173 1117 3239; x_wconf 85' lang='lat' dir='ltr'>valet</span> <span class='ocrx_word' id='word_1_297' title='bbox 1138 3179 1363 3257; x_wconf 76' lang='lat' dir='ltr'>argumentum</span> <span class='ocrx_word' id='word_1_298' title='bbox 1387 3171 1446 3237; x_wconf 92' lang='lat' dir='ltr'>boc</span> <span class='ocrx_word' id='word_1_299' title='bbox 1478 3173 1591 3246; x_wconf 85' lang='lat' dir='ltr'>modo,</span> <span class='ocrx_word' id='word_1_300' title='bbox 1614 3170 1706 3251; x_wconf 87' lang='lat' dir='ltr'>quid-</span> 
     </span>
     <span class='ocr_line' id='line_1_28' title="bbox 334 3280 1707 3364; baseline -0.002 -18"><span class='ocrx_word' id='word_1_301' title='bbox 334 3282 410 3364; x_wconf 83' lang='lat' dir='ltr'>quid</span> <span class='ocrx_word' id='word_1_302' title='bbox 433 3285 537 3364; x_wconf 85' lang='lat' dir='ltr'>potest</span> <span class='ocrx_word' id='word_1_303' title='bbox 559 3287 749 3362; x_wconf 88' lang='lat' dir='ltr'>procurator</span> <span class='ocrx_word' id='word_1_304' title='bbox 768 3281 902 3362; x_wconf 79' lang='lat' dir='ltr'>simplex</span> <span class='ocrx_word' id='word_1_305' title='bbox 924 3281 1021 3347; x_wconf 88' lang='lat' dir='ltr'>etiam</span> <span class='ocrx_word' id='word_1_306' title='bbox 1045 3282 1161 3347; x_wconf 85' lang='lat' dir='ltr'>babens</span> <span class='ocrx_word' id='word_1_307' title='bbox 1190 3283 1322 3364; x_wconf 86' lang='lat' dir='ltr'>speciale</span> <span class='ocrx_word' id='word_1_308' title='bbox 1353 3281 1547 3357; x_wconf 84' lang='lat' dir='ltr'>mandatum,</span> <span class='ocrx_word' id='word_1_309' title='bbox 1570 3280 1653 3344; x_wconf 88' lang='lat' dir='ltr'>idem</span> <span class='ocrx_word' id='word_1_310' title='bbox 1675 3282 1707 3343; x_wconf 89' lang='lat' dir='ltr'>et</span> 
     </span>
     <span class='ocr_line' id='line_1_29' title="bbox 334 3388 1709 3473; baseline 0.001 -23"><span class='ocrx_word' id='word_1_311' title='bbox 334 3388 435 3452; x_wconf 91' lang='lat' dir='ltr'>multo</span> <span class='ocrx_word' id='word_1_312' title='bbox 458 3388 558 3471; x_wconf 78' lang='lat' dir='ltr'>magis</span> <span class='ocrx_word' id='word_1_313' title='bbox 580 3392 684 3470; x_wconf 85' lang='lat' dir='ltr'>potest</span> <span class='ocrx_word' id='word_1_314' title='bbox 706 3395 893 3471; x_wconf 85' lang='lat' dir='ltr'>procuretur</span> <span class='ocrx_word' id='word_1_315' title='bbox 915 3391 948 3454; x_wconf 91' lang='lat' dir='ltr'>io</span> <span class='ocrx_word' id='word_1_316' title='bbox 970 3409 1039 3456; x_wconf 89' lang='lat' dir='ltr'>rem</span> <span class='ocrx_word' id='word_1_317' title='bbox 1062 3409 1170 3467; x_wconf 87' lang='lat' dir='ltr'>suam,</span> <span class='ocrx_word' id='word_1_318' title='bbox 1187 3390 1391 3473; x_wconf 77' lang='lat' dir='ltr'>utpostlus.</span> <span class='ocrx_word' id='word_1_319' title='bbox 1407 3391 1443 3453; x_wconf 86' lang='grc'>16</span> <span class='ocrx_word' id='word_1_320' title='bbox 1467 3389 1502 3454; x_wconf 91' lang='lat' dir='ltr'><strong><em>L</em></strong></span> <span class='ocrx_word' id='word_1_321' title='bbox 1519 3388 1709 3469; x_wconf 54' lang='lat' dir='ltr'>jesboam</span> 
     </span>
     <span class='ocr_line' id='line_1_30' title="bbox 333 3494 1707 3582; baseline 0.001 -24"><span class='ocrx_word' id='word_1_322' title='bbox 333 3495 417 3576; x_wconf 79' lang='lat' dir='ltr'>quod</span> <span class='ocrx_word' id='word_1_323' title='bbox 450 3513 490 3558; x_wconf 80' lang='lat' dir='ltr'>eoe</span> <span class='ocrx_word' id='word_1_324' title='bbox 520 3499 722 3561; x_wconf 77' lang='lat' dir='ltr'>conuentione</span> <span class='ocrx_word' id='word_1_325' title='bbox 744 3494 983 3582; x_wconf 76' lang='lat' dir='ltr'>§procurator</span> <span class='ocrx_word' id='word_1_326' title='bbox 1015 3495 1272 3581; x_wconf 65' lang='lat' dir='ltr'>intentabit</span> <span class='ocrx_word' id='word_1_327' title='bbox 1299 3501 1336 3563; x_wconf 82' lang='lat' dir='ltr'>de</span> <span class='ocrx_word' id='word_1_328' title='bbox 1361 3498 1503 3580; x_wconf 77' lang='lat' dir='ltr'>jurejur.</span> <span class='ocrx_word' id='word_1_329' title='bbox 1534 3498 1613 3563; x_wconf 90' lang='lat' dir='ltr'>dicit</span> <span class='ocrx_word' id='word_1_330' title='bbox 1643 3496 1707 3561; x_wconf 81' lang='lat' dir='ltr'>Ait.</span> 
     </span>
     <span class='ocr_line' id='line_1_31' title="bbox 335 3597 638 3668; baseline 0.013 -4"><span class='ocrx_word' id='word_1_331' title='bbox 335 3620 419 3666; x_wconf 80' lang='lat' dir='ltr'>cone.</span> <span class='ocrx_word' id='word_1_332' title='bbox 442 3598 508 3665; x_wconf 79' lang='lat'>226</span> <span class='ocrx_word' id='word_1_333' title='bbox 531 3621 563 3666; x_wconf 81' lang='lat' dir='ltr'>u.</span> <span class='ocrx_word' id='word_1_334' title='bbox 585 3597 638 3668; x_wconf 88' lang='grc'>17.</span> 
     </span>
    </p>

    <p class='ocr_par' dir='ltr' id='par_1_7' title="bbox 335 3705 1709 4003">
     <span class='ocr_line' id='line_1_32' title="bbox 343 3705 1706 3797; baseline 0.011 -28"><span class='ocrx_word' id='word_1_335' title='bbox 343 3721 347 3730; x_wconf 94' lang='grc'><strong><em>·</em></strong></span> <span class='ocrx_word' id='word_1_336' title='bbox 423 3705 453 3771; x_wconf 89' lang='grc'><strong>8.</strong></span> <span class='ocrx_word' id='word_1_337' title='bbox 476 3708 690 3776; x_wconf 71' lang='lat' dir='ltr'>constituitur</span> <span class='ocrx_word' id='word_1_338' title='bbox 711 3720 818 3779; x_wconf 89' lang='lat' dir='ltr'>autem</span> <span class='ocrx_word' id='word_1_339' title='bbox 841 3717 1084 3797; x_wconf 87' lang='lat' dir='ltr'>procuratorio</span> <span class='ocrx_word' id='word_1_340' title='bbox 1110 3735 1176 3782; x_wconf 92' lang='lat' dir='ltr'>rem</span> <span class='ocrx_word' id='word_1_341' title='bbox 1198 3736 1288 3783; x_wconf 89' lang='lat' dir='ltr'>suam</span> <span class='ocrx_word' id='word_1_342' title='bbox 1311 3719 1412 3784; x_wconf 89' lang='lat' dir='ltr'>tribus</span> <span class='ocrx_word' id='word_1_343' title='bbox 1427 3719 1528 3783; x_wconf 85' lang='lat' dir='ltr'>modis</span> <span class='ocrx_word' id='word_1_344' title='bbox 1543 3736 1585 3783; x_wconf 82' lang='lat' dir='ltr'>ex</span> <span class='ocrx_word' id='word_1_345' title='bbox 1602 3727 1706 3784; x_wconf 88' lang='lat' dir='ltr'>mente</span> 
     </span>
     <span class='ocr_line' id='line_1_33' title="bbox 337 3815 1709 3910; baseline 0.009 -32"><span class='ocrx_word' id='word_1_346' title='bbox 337 3815 432 3880; x_wconf 83' lang='lat' dir='ltr'>Boldi</span> <span class='ocrx_word' id='word_1_347' title='bbox 453 3819 489 3881; x_wconf 84' lang='lat' dir='ltr'>in</span> <span class='ocrx_word' id='word_1_348' title='bbox 514 3815 551 3881; x_wconf 91' lang='lat' dir='ltr'><strong><em>L</em></strong></span> <span class='ocrx_word' id='word_1_349' title='bbox 571 3836 653 3901; x_wconf 82' lang='lat' dir='ltr'>quoe</span> <span class='ocrx_word' id='word_1_350' title='bbox 676 3826 785 3886; x_wconf 79' lang='lat' dir='ltr'>amota</span> <span class='ocrx_word' id='word_1_351' title='bbox 807 3819 832 3906; x_wconf 72' lang='lat' dir='ltr'>S</span> <span class='ocrx_word' id='word_1_352' title='bbox 852 3824 950 3904; x_wconf 82' lang='lat' dir='ltr'>plane</span> <span class='ocrx_word' id='word_1_353' title='bbox 973 3842 1003 3887; x_wconf 87' lang='lat' dir='ltr'>n.</span> <span class='ocrx_word' id='word_1_354' title='bbox 1029 3822 1046 3886; x_wconf 93' lang='lat'>1</span> <span class='ocrx_word' id='word_1_355' title='bbox 1068 3826 1152 3908; x_wconf 76' lang='lat' dir='ltr'>ffde</span> <span class='ocrx_word' id='word_1_356' title='bbox 1172 3843 1321 3908; x_wconf 61' lang='lat' dir='ltr'>procur„</span> <span class='ocrx_word' id='word_1_357' title='bbox 1345 3838 1374 3891; x_wconf 86' lang='lat' dir='ltr'>et</span> <span class='ocrx_word' id='word_1_358' title='bbox 1398 3827 1462 3891; x_wconf 77' lang='grc'>161</span> <span class='ocrx_word' id='word_1_359' title='bbox 1481 3829 1520 3892; x_wconf 82' lang='lat' dir='ltr'>iu</span> <span class='ocrx_word' id='word_1_360' title='bbox 1543 3830 1573 3892; x_wconf 85' lang='lat' dir='ltr'>d</span> <span class='ocrx_word' id='word_1_361' title='bbox 1594 3827 1630 3892; x_wconf 92' lang='lat' dir='ltr'>L.</span> <span class='ocrx_word' id='word_1_362' title='bbox 1653 3830 1709 3910; x_wconf 78' lang='lat' dir='ltr'>qni</span> 
     </span>
     <span class='ocr_line' id='line_1_34' title="bbox 335 3923 835 4003; baseline 0.014 -17"><span class='ocrx_word' id='word_1_363' title='bbox 335 3924 491 4003; x_wconf 72' lang='grc'><strong>1116161116</strong></span> <span class='ocrx_word' id='word_1_364' title='bbox 515 3945 547 3989; x_wconf 88' lang='lat' dir='ltr'>n.</span> <span class='ocrx_word' id='word_1_365' title='bbox 570 3923 591 3986; x_wconf 82' lang='lat'><strong>2</strong></span> <span class='ocrx_word' id='word_1_366' title='bbox 615 3928 678 3991; x_wconf 84' lang='lat' dir='ltr'>cod.</span> <span class='ocrx_word' id='word_1_367' title='bbox 702 3930 766 3992; x_wconf 86' lang='lat' dir='ltr'>eod.</span> <span class='ocrx_word' id='word_1_368' title='bbox 789 3932 835 3994; x_wconf 88' lang='lat' dir='ltr'>tit.</span> 
     </span>
    </p>
   </div>
   <div class='ocr_carea' id='block_1_3' title="bbox 335 4033 1705 4231">
    <p class='ocr_par' dir='ltr' id='par_1_8' title="bbox 335 4033 1705 4231">
     <span class='ocr_line' id='line_1_35' title="bbox 422 4033 1705 4119; baseline 0.009 -22"><span class='ocrx_word' id='word_1_369' title='bbox 422 4033 452 4097; x_wconf 88' lang='lat'>9.</span> <span class='ocrx_word' id='word_1_370' title='bbox 474 4035 600 4111; x_wconf 85' lang='lat' dir='ltr'>Primo,</span> <span class='ocrx_word' id='word_1_371' title='bbox 615 4037 740 4115; x_wconf 85' lang='lat' dir='ltr'>quaudo</span> <span class='ocrx_word' id='word_1_372' title='bbox 755 4039 849 4102; x_wconf 82' lang='grc'><strong>611661</strong></span> <span class='ocrx_word' id='word_1_373' title='bbox 865 4039 1054 4105; x_wconf 83' lang='lat' dir='ltr'>mandantur</span> <span class='ocrx_word' id='word_1_374' title='bbox 1075 4043 1212 4108; x_wconf 77' lang='lat' dir='ltr'>directae</span> <span class='ocrx_word' id='word_1_375' title='bbox 1234 4045 1370 4110; x_wconf 86' lang='lat' dir='ltr'>actiones</span> <span class='ocrx_word' id='word_1_376' title='bbox 1384 4049 1418 4109; x_wconf 89' lang='lat' dir='ltr'>et</span> <span class='ocrx_word' id='word_1_377' title='bbox 1431 4044 1592 4109; x_wconf 89' lang='lat' dir='ltr'>ceduntur</span> <span class='ocrx_word' id='word_1_378' title='bbox 1606 4043 1705 4119; x_wconf 75' lang='lat' dir='ltr'>utiles,</span> 
     </span>
     <span class='ocr_line' id='line_1_36' title="bbox 335 4142 1093 4231; baseline 0.008 -22"><span class='ocrx_word' id='word_1_379' title='bbox 335 4145 369 4209; x_wconf 88' lang='lat' dir='ltr'>L.</span> <span class='ocrx_word' id='word_1_380' title='bbox 394 4142 432 4220; x_wconf 82' lang='lat'>1,</span> <span class='ocrx_word' id='word_1_381' title='bbox 454 4150 487 4210; x_wconf 90' lang='lat' dir='ltr'>et</span> <span class='ocrx_word' id='word_1_382' title='bbox 510 4145 551 4209; x_wconf 90' lang='lat' dir='ltr'>ibi</span> <span class='ocrx_word' id='word_1_383' title='bbox 576 4144 672 4210; x_wconf 80' lang='lat' dir='ltr'>Glose</span> <span class='ocrx_word' id='word_1_384' title='bbox 695 4148 758 4210; x_wconf 89' lang='lat' dir='ltr'>cod.</span> <span class='ocrx_word' id='word_1_385' title='bbox 780 4147 816 4210; x_wconf 83' lang='lat' dir='ltr'>dc</span> <span class='ocrx_word' id='word_1_386' title='bbox 837 4153 898 4212; x_wconf 87' lang='lat' dir='ltr'>cot.</span> <span class='ocrx_word' id='word_1_387' title='bbox 921 4148 1093 4231; x_wconf 72' lang='grc'><strong>6161116611.</strong></span> 
     </span>
    </p>
   </div>
   <div class='ocr_carea' id='block_1_4' title="bbox 333 4250 1710 4882">
    <p class='ocr_par' dir='ltr' id='par_1_9' title="bbox 333 4250 1710 4882">
     <span class='ocr_line' id='line_1_37' title="bbox 425 4250 1705 4345; baseline 0.009 -32"><span class='ocrx_word' id='word_1_388' title='bbox 425 4250 474 4315; x_wconf 88' lang='lat'>10.</span> <span class='ocrx_word' id='word_1_389' title='bbox 498 4255 540 4318; x_wconf 81' lang='lat' dir='ltr'>lit</span> <span class='ocrx_word' id='word_1_390' title='bbox 562 4253 622 4318; x_wconf 91' lang='lat' dir='ltr'>boc</span> <span class='ocrx_word' id='word_1_391' title='bbox 644 4271 717 4319; x_wconf 84' lang='lat' dir='ltr'>casu</span> <span class='ocrx_word' id='word_1_392' title='bbox 739 4255 797 4321; x_wconf 87' lang='lat' dir='ltr'>iste</span> <span class='ocrx_word' id='word_1_393' title='bbox 819 4261 1010 4339; x_wconf 87' lang='lat' dir='ltr'>procamtor</span> <span class='ocrx_word' id='word_1_394' title='bbox 1040 4266 1144 4341; x_wconf 80' lang='lat' dir='ltr'>potest</span> <span class='ocrx_word' id='word_1_395' title='bbox 1172 4279 1268 4345; x_wconf 78' lang='lat' dir='ltr'>agere</span> <span class='ocrx_word' id='word_1_396' title='bbox 1289 4261 1336 4326; x_wconf 84' lang='lat' dir='ltr'>vel</span> <span class='ocrx_word' id='word_1_397' title='bbox 1359 4263 1489 4328; x_wconf 77' lang='lat' dir='ltr'>utilibus</span> <span class='ocrx_word' id='word_1_398' title='bbox 1511 4261 1705 4336; x_wconf 85' lang='lat' dir='ltr'>actionibus,</span> 
     </span>
     <span class='ocr_line' id='line_1_38' title="bbox 334 4360 1705 4451; baseline 0.005 -28"><span class='ocrx_word' id='word_1_399' title='bbox 334 4360 546 4426; x_wconf 88' lang='lat' dir='ltr'>concludendo</span> <span class='ocrx_word' id='word_1_400' title='bbox 570 4363 636 4428; x_wconf 89' lang='lat' dir='ltr'>dari</span> <span class='ocrx_word' id='word_1_401' title='bbox 660 4364 718 4428; x_wconf 90' lang='lat' dir='ltr'>sibi</span> <span class='ocrx_word' id='word_1_402' title='bbox 740 4364 777 4427; x_wconf 89' lang='lat' dir='ltr'>ad</span> <span class='ocrx_word' id='word_1_403' title='bbox 800 4366 917 4429; x_wconf 85' lang='lat' dir='ltr'>suimet</span> <span class='ocrx_word' id='word_1_404' title='bbox 942 4366 1111 4431; x_wconf 85' lang='lat' dir='ltr'>utilitatem</span> <span class='ocrx_word' id='word_1_405' title='bbox 1134 4375 1167 4434; x_wconf 92' lang='lat' dir='ltr'>et</span> <span class='ocrx_word' id='word_1_406' title='bbox 1190 4370 1402 4448; x_wconf 89' lang='lat' dir='ltr'>commodum,</span> <span class='ocrx_word' id='word_1_407' title='bbox 1424 4368 1471 4433; x_wconf 76' lang='lat' dir='ltr'>uel</span> <span class='ocrx_word' id='word_1_408' title='bbox 1492 4368 1634 4451; x_wconf 86' lang='lat' dir='ltr'>experiri</span> <span class='ocrx_word' id='word_1_409' title='bbox 1656 4366 1705 4430; x_wconf 91' lang='lat' dir='ltr'>di-</span> 
     </span>
     <span class='ocr_line' id='line_1_39' title="bbox 334 4470 1708 4555; baseline 0.003 -24"><span class='ocrx_word' id='word_1_410' title='bbox 334 4470 428 4534; x_wconf 84' lang='lat' dir='ltr'>rectis</span> <span class='ocrx_word' id='word_1_411' title='bbox 449 4471 624 4536; x_wconf 87' lang='lat' dir='ltr'>actionibus</span> <span class='ocrx_word' id='word_1_412' title='bbox 645 4489 782 4553; x_wconf 84' lang='lat' dir='ltr'>quarum</span> <span class='ocrx_word' id='word_1_413' title='bbox 803 4473 994 4539; x_wconf 85' lang='lat' dir='ltr'>exercitium</span> <span class='ocrx_word' id='word_1_414' title='bbox 1015 4475 1121 4555; x_wconf 87' lang='lat' dir='ltr'>babet,</span> <span class='ocrx_word' id='word_1_415' title='bbox 1143 4478 1356 4542; x_wconf 90' lang='lat' dir='ltr'>concludendo</span> <span class='ocrx_word' id='word_1_416' title='bbox 1378 4477 1447 4541; x_wconf 89' lang='lat' dir='ltr'>dari</span> <span class='ocrx_word' id='word_1_417' title='bbox 1471 4474 1647 4552; x_wconf 87' lang='lat' dir='ltr'>mandanti,</span> <span class='ocrx_word' id='word_1_418' title='bbox 1668 4477 1708 4536; x_wconf 91' lang='lat' dir='ltr'>nt</span> 
     </span>
     <span class='ocr_line' id='line_1_40' title="bbox 334 4581 1708 4668; baseline 0.001 -26"><span class='ocrx_word' id='word_1_419' title='bbox 334 4583 444 4644; x_wconf 90' lang='lat' dir='ltr'>notant</span> <span class='ocrx_word' id='word_1_420' title='bbox 466 4581 549 4661; x_wconf 69' lang='lat' dir='ltr'><strong><em>Dua.</em></strong></span> <span class='ocrx_word' id='word_1_421' title='bbox 571 4590 600 4645; x_wconf 84' lang='lat' dir='ltr'>ct</span> <span class='ocrx_word' id='word_1_422' title='bbox 624 4581 714 4645; x_wconf 82' lang='lat' dir='ltr'>Bart.</span> <span class='ocrx_word' id='word_1_423' title='bbox 736 4600 768 4645; x_wconf 76' lang='lat' dir='ltr'>n</span> <span class='ocrx_word' id='word_1_424' title='bbox 790 4629 798 4645; x_wconf 92' lang='lat'><strong><em>.</em></strong></span> <span class='ocrx_word' id='word_1_425' title='bbox 820 4630 828 4646; x_wconf 89' lang='lat'><strong><em>.</em></strong></span> <span class='ocrx_word' id='word_1_426' title='bbox 850 4585 885 4647; x_wconf 84' lang='lat' dir='ltr'>in</span> <span class='ocrx_word' id='word_1_427' title='bbox 909 4582 945 4646; x_wconf 92' lang='lat' dir='ltr'><strong><em>L.</em></strong></span> <span class='ocrx_word' id='word_1_428' title='bbox 966 4586 994 4648; x_wconf 81' lang='lat' dir='ltr'>oi</span> <span class='ocrx_word' id='word_1_429' title='bbox 1014 4584 1184 4668; x_wconf 73' lang='grc'><strong>11661116</strong></span> <span class='ocrx_word' id='word_1_430' title='bbox 1206 4585 1297 4650; x_wconf 83' lang='lat' dir='ltr'>solut</span> <span class='ocrx_word' id='word_1_431' title='bbox 1321 4584 1427 4663; x_wconf 81' lang='lat' dir='ltr'>Gloss,</span> <span class='ocrx_word' id='word_1_432' title='bbox 1450 4585 1543 4666; x_wconf 74' lang='grc'><strong>6161,</strong></span> <span class='ocrx_word' id='word_1_433' title='bbox 1563 4582 1655 4647; x_wconf 82' lang='lat' dir='ltr'>liert.</span> <span class='ocrx_word' id='word_1_434' title='bbox 1679 4588 1708 4643; x_wconf 85' lang='lat' dir='ltr'>et</span> 
     </span>
     <span class='ocr_line' id='line_1_41' title="bbox 333 4689 1708 4774; baseline 0.005 -26"><span class='ocrx_word' id='word_1_435' title='bbox 333 4703 443 4749; x_wconf 83' lang='lat' dir='ltr'>omnes</span> <span class='ocrx_word' id='word_1_436' title='bbox 464 4689 500 4750; x_wconf 81' lang='lat' dir='ltr'>iu</span> <span class='ocrx_word' id='word_1_437' title='bbox 522 4690 550 4752; x_wconf 78' lang='lat' dir='ltr'>d.</span> <span class='ocrx_word' id='word_1_438' title='bbox 573 4689 608 4752; x_wconf 88' lang='lat' dir='ltr'><strong><em>L.</em></strong></span> <span class='ocrx_word' id='word_1_439' title='bbox 630 4691 686 4771; x_wconf 81' lang='lat' dir='ltr'>qni</span> <span class='ocrx_word' id='word_1_440' title='bbox 708 4692 880 4771; x_wconf 82' lang='lat' dir='ltr'>stipendio,</span> <span class='ocrx_word' id='word_1_441' title='bbox 901 4694 956 4757; x_wconf 81' lang='lat' dir='ltr'>ubi</span> <span class='ocrx_word' id='word_1_442' title='bbox 978 4693 1069 4758; x_wconf 79' lang='lat' dir='ltr'>ecto.</span> <span class='ocrx_word' id='word_1_443' title='bbox 1093 4711 1123 4758; x_wconf 81' lang='lat' dir='ltr'>u.</span> <span class='ocrx_word' id='word_1_444' title='bbox 1146 4690 1177 4772; x_wconf 92' lang='grc'>1,</span> <span class='ocrx_word' id='word_1_445' title='bbox 1202 4695 1267 4759; x_wconf 76' lang='lat' dir='ltr'>los.</span> <span class='ocrx_word' id='word_1_446' title='bbox 1290 4714 1322 4759; x_wconf 84' lang='lat' dir='ltr'>n.</span> <span class='ocrx_word' id='word_1_447' title='bbox 1345 4693 1375 4774; x_wconf 81' lang='lat'>3,</span> <span class='ocrx_word' id='word_1_448' title='bbox 1398 4695 1471 4760; x_wconf 80' lang='lat' dir='ltr'>Di).</span> <span class='ocrx_word' id='word_1_449' title='bbox 1493 4696 1528 4758; x_wconf 81' lang='lat' dir='ltr'>in</span> <span class='ocrx_word' id='word_1_450' title='bbox 1552 4692 1588 4755; x_wconf 91' lang='lat' dir='ltr'><strong><em>L.</em></strong></span> <span class='ocrx_word' id='word_1_451' title='bbox 1605 4689 1622 4753; x_wconf 88' lang='lat'>1</span> <span class='ocrx_word' id='word_1_452' title='bbox 1640 4690 1708 4755; x_wconf 83' lang='lat' dir='ltr'>cod.</span> 
     </span>
     <span class='ocr_line' id='line_1_42' title="bbox 333 4796 1710 4882; baseline 0.003 -22"><span class='ocrx_word' id='word_1_453' title='bbox 333 4796 371 4860; x_wconf 84' lang='lat' dir='ltr'>dc</span> <span class='ocrx_word' id='word_1_454' title='bbox 405 4805 464 4860; x_wconf 85' lang='lat' dir='ltr'>act.</span> <span class='ocrx_word' id='word_1_455' title='bbox 487 4806 513 4860; x_wconf 83' lang='lat' dir='ltr'>ct</span> <span class='ocrx_word' id='word_1_456' title='bbox 545 4796 684 4879; x_wconf 73' lang='grc'><strong>6611961,</strong></span> <span class='ocrx_word' id='word_1_457' title='bbox 715 4800 821 4882; x_wconf 60' lang='lat' dir='ltr'>Aaou.</span> <span class='ocrx_word' id='word_1_458' title='bbox 853 4800 938 4866; x_wconf 78' lang='lat' dir='ltr'>Aret.</span> <span class='ocrx_word' id='word_1_459' title='bbox 968 4819 1052 4867; x_wconf 84' lang='lat' dir='ltr'>coos.</span> <span class='ocrx_word' id='word_1_460' title='bbox 1075 4799 1119 4867; x_wconf 83' lang='grc'>61</span> <span class='ocrx_word' id='word_1_461' title='bbox 1141 4822 1173 4869; x_wconf 79' lang='lat' dir='ltr'>o.</span> <span class='ocrx_word' id='word_1_462' title='bbox 1196 4799 1218 4865; x_wconf 85' lang='grc'>1</span> <span class='ocrx_word' id='word_1_463' title='bbox 1239 4802 1392 4870; x_wconf 74' lang='grc'><strong>6666161</strong></span> <span class='ocrx_word' id='word_1_464' title='bbox 1422 4812 1547 4881; x_wconf 77' lang='lat' dir='ltr'>tumea,</span> <span class='ocrx_word' id='word_1_465' title='bbox 1571 4800 1710 4865; x_wconf 70' lang='grc'><strong>11666166</strong></span> 
     </span>
    </p>
   </div>
   <div class='ocr_carea' id='block_1_5' title="bbox 0 0 1872 5750">
    <p class='ocr_par' dir='ltr' id='par_1_10' title="bbox 0 0 1872 5750">
     <span class='ocr_line' id='line_1_43' title="bbox 0 0 1872 5750; baseline 0 0"><span class='ocrx_word' id='word_1_466' title='bbox 0 0 1872 5750; x_wconf 95' lang='lat' dir='ltr'> </span> 
     </span>
    </p>
   </div>
  </div>
 </body>
</html>
