3734 5750
538 329 596 395 DE
620 324 1005 395 PROCURATORIBUS.
1026 326 1115 394 CM).
1137 325 1286 394 cxxiii.
1522 325 1588 394 676

306 500 337 567 2
359 523 376 561 r
400 499 532 568 &untia
554 496 768 581 procuratoris
790 496 964 578 specialiter
986 496 1025 561 ad
1048 497 1186 578 aliquem
1207 502 1314 562 cotum
1337 500 1519 578 constituti,
1540 505 1588 567 est

216 634 237 674 a
264 612 390 679 scientia
407 611 505 693 ipsius
518 608 639 673 domini
653 607 745 686 eique
760 611 871 684 nocet,
882 604 954 671 Goi.
968 606 1011 669 cd
1025 606 1061 670 Ι.
1075 604 1151 669 lece
1165 623 1188 668 o
1204 606 1330 672 Zenone
1345 606 1410 671 coc
1425 608 1462 671 cle
1476 611 1588 691 quadr.

214 740 236 780 o
262 722 449 803 praescript.
471 725 588 800 quaest.
612 713 634 777 2
656 733 688 777 ν.
711 708 763 778 36.

309 827 339 894 3.
362 849 380 887 o
406 827 449 893 Ut
462 825 570 890 citatio
585 821 713 888 nuiliter
732 824 894 901 exequuta
908 814 1038 887 sanetur
1054 820 1172 886 sufficit
1192 822 1253 886 sola
1276 822 1488 905 piocnratoris
1502 844 1589 890 eom-

213 957 236 997 «
263 937 397 1019 pariti03
413 934 511 998 immo
524 930 639 998 sufficit
662 930 724 996 sola
748 929 912 1012 ipsiusmet
933 930 1148 1011 procuratoris
1169 932 1372 1013 constitutio,
1392 952 1465 998 cum
1481 953 1521 999 ex
1538 935 1588 999 ilia

214 1067 237 1106 u
262 1046 482 1128 praesrnuatur
504 1042 616 1106 notitia
639 1039 797 1104 citationis
819 1038 850 1101 in
872 1038 1096 1115 constituente,
1118 1037 1291 1105 dummodo
1315 1041 1498 1107 constitutio
1520 1045 1591 1123 post

216 1172 239 1213 e
263 1154 445 1219 citationem
467 1153 509 1217 sit
530 1152 620 1226 iacta,
644 1146 782 1214 Coccioi.
804 1147 847 1210 od
871 1144 989 1213 δίαινε.
1021 1146 1182 1227 Eapuiin.
1213 1147 1261 1212 lii.
1294 1144 1317 1208 2
1340 1146 1427 1210 cuir.
1451 1144 1467 1208 1
1492 1166 1524 1211 ν.
1548 1142 1589 1209 18

215 1282 239 1322 α
264 1269 293 1326 et
317 1258 367 1324 19.

308 1362 339 1429 i.
361 1388 380 1427 c
403 1363 589 1431 Mandatum
611 1362 744 1427 tacitum
767 1367 801 1427 et
823 1368 1062 1447 praesumptum
1084 1366 1310 1448 aequiparatur
1331 1378 1488 1448 expresso,
1504 1366 1589 1438 ideo«

217 1497 239 1534 a
263 1490 326 1556 que
348 1471 485 1538 dubitari
506 1489 568 1534 non
593 1470 673 1535 valet
694 1469 771 1550 quin
794 1471 835 1534 sit
856 1471 1030 1547 sufficiens,
1055 1470 1191 1538 Concioi
1213 1475 1255 1538 aa
1280 1472 1395 1539 Stator.
1428 1473 1589 1555 Eupolis.

217 1575 713 1646 «ιίὸ.2νν6ν.2ν.1ν2

308 1687 336 1750 t.
360 1707 378 1746 u
402 1686 552 1750 instantia
567 1685 671 1749 currit
685 1703 749 1750 nou
763 1686 905 1752 obstame
920 1687 1146 1770 impedimento
1168 1691 1360 1757 infirmitatis
1373 1691 1420 1755 vei
1434 1693 1590 1758 absentiae

216 1818 240 1857 a
264 1795 425 1872 advocati,
449 1791 586 1859 Coaeioi.
608 1791 651 1855 ccl
675 1790 790 1859 Stutot
814 1792 977 1876 linquite.
999 1796 1048 1859 iii.
1070 1794 1092 1857 2
1114 1798 1204 1860 cuir.
1225 1796 1270 1861 20
1292 1816 1324 1863 ν.
1347 1796 1398 1861 21.

308 1901 339 1969 s.
362 1924 381 1963 a
404 1902 567 1984 &perime
587 1901 729 1967 advocati
750 1906 784 1967 et
797 1905 1013 1986 procuratoris
1027 1906 1083 1987 qui
1099 1907 1131 1970 in
1146 1924 1238 1972 cansa
1254 1907 1496 1975 intervenerunt
1517 1916 1589 1975 sunt

217 2037 239 2075 α
264 2031 321 2097 per
341 2013 461 2078 victum
483 2011 685 2089 reficiendae,
707 2011 831 2077 etiamsi
853 2013 1022 2080 advocatus
1042 2015 1090 2079 vel
1115 2019 1302 2096 procurator
1325 2017 1423 2099 gratis
1453 2017 1589 2098 patroci-

219 2140 239 2179 α
262 2120 351 2185 nium
374 2119 606 2211 praestiterint,
628 2136 701 2184 oum
733 2120 911 2203 pnnoipuiis
940 2123 983 2188 sit
1013 2123 1166 2207 obligatus
1197 2123 1237 2187 ad
1268 2125 1429 2204 antidora,
1454 2124 1589 2191 Coccioi.

217 2251 238 2291 a
264 2230 307 2294 oo
327 2236 436 2295 νανν.
460 2227 623 2309 Eupilis,
644 2228 694 2292 tto.
716 2226 737 2289 2
758 2228 846 2293 reor.
867 2225 908 2291 21
933 2248 965 2293 ν
990 2226 1033 2292 tt
1053 2239 1081 2294 cr
1107 2228 1156 2294 15.
1409 2224 1416 2241 ‘

306 2337 337 2402 7.
361 2360 378 2399 a
403 2337 536 2417 Quoties
558 2354 615 2419 per
636 2336 760 2403 adultos
782 2354 838 2403 sen
867 2338 1003 2420 puberes
1031 2342 1221 2421 procurator
1249 2355 1322 2403 cum
1350 2341 1529 2421 juramento
1551 2339 1590 2403 de

220 2470 239 2511 a
264 2453 370 2514 ratnm
393 2446 533 2511 habendo
564 2446 628 2512 init
656 2446 864 2523 constitutus,
886 2445 1026 2529 legitime
1049 2463 1122 2510 cum
1146 2447 1219 2529 ipsis
1248 2448 1390 2530 agitatur
1418 2446 1589 2529 judicium,

220 2582 238 2617 ι(
262 2557 335 2637 quia
357 2574 414 2639 per
435 2557 540 2638 ipsum
560 2557 775 2639 juramentum
799 2556 931 2636 majores
963 2553 1266 2636 reputantur31icet
1296 2554 1406 2618 utilius
1436 2554 1477 2618 sit
1506 2554 1588 2635 parti

221 2692 239 2728 a
264 2670 379 2733 instare
401 2665 486 2747 quod
509 2664 583 2748 ipsis
605 2668 792 2746 procurator
813 2664 1006 2728 constitutus
1027 2662 1123 2727 detur
1139 2662 1169 2726 in
1185 2666 1376 2737 curatorem,
1400 2660 1590 2741 Romaque.

224 2794 243 2833 c
266 2770 336 2855 post
359 2771 500 2838 Coocioi.
521 2772 565 2836 od
589 2769 704 2836 scarus.
729 2771 889 2852 anuiin.
912 2771 960 2834 tio.
984 2769 1006 2832 2
1028 2771 1115 2835 mir.
1138 2769 1180 2834 tt
1203 2789 1235 2834 ν.
1260 2768 1311 2834 17.

310 2879 340 2946 8.
364 2901 382 2940 r
407 2881 469 2963 lpsi
492 2886 600 2946 autem
623 2881 748 2956 minori,
764 2880 838 2945 licet
860 2899 933 2944 orm
956 2887 1161 2961 procuratore
1175 2897 1247 2944 cum
1263 2882 1439 2962 Juramento
1453 2878 1589 2961 litiganti

223 3010 241 3050 o
266 2989 451 3054 beneficium
475 2989 683 3054 restitutionis
705 2989 737 3053 in
760 2989 920 3072 integrum
945 2991 1147 3072 impartitur,
1168 2991 1194 3054 si
1216 2989 1314 3054 luerit
1336 2989 1453 3068 laesus,
1470 2989 1589 3053 Romo-

222 3122 240 3159 «
263 3115 351 3181 quer.
373 3099 447 3164 ibici.
468 3117 499 3163 ν.
524 3096 574 3162 18.
745 3083 749 3094 ⁸

309 3206 339 3270 a.
364 3229 381 3267 s
406 3207 584 3275 8961611636
606 3207 763 3273 intimatio
786 3210 835 3272 est
855 3206 995 3274 iacienda
1017 3208 1160 3286 domino,
1175 3226 1237 3272 uon
1251 3210 1361 3273 autem
1382 3203 1590 3288 procuratori,

225 3337 242 3376 a
268 3314 407 3381 Coocioi.
429 3316 472 3379 ocl
497 3313 613 3381 Statue.
637 3316 797 3397 quuiin.
820 3317 869 3380 iii.
891 3314 913 3380 3
935 3316 1022 3381 rubr.
1048 3315 1064 3378 1
1089 3336 1121 3381 rc
1145 3315 1195 3381 11.

311 3420 361 3485 16.
385 3439 403 3482 c
427 3421 543 3490 Citatio
565 3425 780 3506 praesumitur
810 3428 970 3504 exequuta
994 3441 1036 3487 ex
1062 3424 1285 3489 constitutione
1315 3422 1530 3506 procuratoris
1551 3420 1589 3485 aci

224 3550 241 3585 a
265 3547 410 3605 causam,
435 3530 616 3610 Ridoipilin.
639 3534 675 3594 ic
694 3548 791 3611 pror.
811 3547 884 3610 por.
910 3528 926 3591 1
953 3548 1020 3613 cup.
1043 3529 1065 3592 2
1086 3550 1119 3595 ν.
1145 3530 1216 3597 106.

314 3633 364 3699 11.
388 3657 405 3696 a
431 3639 608 3702 Praesentia
641 3640 856 3719 procuratoris
886 3639 1012 3723 supplet
1041 3645 1075 3706 et
1106 3647 1193 3707 sanat
1231 3642 1387 3707 citationis
1417 3642 1589 3717 deiectum,

224 3768 242 3805 u
266 3746 438 3810 dummodo
460 3746 502 3811 sit
524 3763 669 3827 praesens
690 3746 729 3810 ad
751 3747 838 3811 ilium
863 3748 976 3825 linem,
998 3750 1208 3828 aliassecns,
1232 3749 1412 3831 Ridolpiriu.
1434 3750 1470 3810 io
1489 3765 1587 3829 prox.

222 3876 240 3912 a
264 3871 335 3934 por.
359 3851 377 3914 1
401 3869 468 3934 cap.
491 3852 513 3915 2
536 3871 568 3916 ν.
591 3851 664 3916 116.

312 3960 362 4027 12.
385 3983 403 4022 a
427 3960 621 4046 Comparitio
644 3965 750 4042 citati,
775 3965 821 4028 vei
842 3965 910 4046 eius
933 3967 1147 4048 procuratoris
1168 3965 1341 4031 convalidat
1362 3967 1496 4041 acta,et
1510 3964 1588 4028 cita-

224 4093 242 4130 «
267 4072 383 4137 tionem
407 4071 535 4137 nulliter
565 4078 776 4153 exequutam,
800 4073 981 4156 Ricioiplrio.
1011 4079 1047 4139 io
1078 4092 1174 4156 prosc
1203 4093 1275 4156 por.
1309 4072 1324 4136 1
1351 4091 1419 4154 cop.
1441 4069 1463 4135 i
1485 4092 1516 4136 ν.
1538 4070 1588 4137 32.

223 4203 241 4241 c
265 4180 348 4260 Quia
369 4199 410 4245 cx
432 4199 468 4246 ea
492 4182 706 4264 praesumitur
727 4183 839 4248 notitia
861 4185 1029 4263 citationis,
1044 4186 1131 4269 cujus
1146 4185 1216 4249 finis
1230 4189 1279 4248 est
1292 4183 1487 4265 comparitio,
1504 4182 1587 4261 quod

225 4313 244 4351 α
268 4289 438 4372 ampliatur
460 4296 498 4355 ut
519 4290 668 4372 procedat
689 4293 784 4356 etiam
808 4294 839 4356 in
862 4293 1011 4357 citatione
1033 4309 1089 4375 per
1118 4293 1295 4368 aedictum,
1318 4290 1496 4370 Ridoipirio.
1519 4291 1588 4352 itio.

224 4422 242 4459 a
267 4418 297 4462 ν.
322 4395 373 4463 33.
404 4398 496 4478 Quod
526 4402 668 4484 procedit
701 4401 821 4466 etiamsi
846 4402 1049 4466 incitatione
1080 4418 1141 4464 non
1172 4400 1212 4464 sit
1234 4399 1370 4462 insertus
1390 4401 1480 4461 tenor
1502 4414 1588 4459 com·

224 4531 243 4568 a
267 4509 435 4587 missionis,
457 4527 492 4573 ac
514 4509 610 4574 etiam
632 4510 656 4573 si
679 4510 751 4590 quis
773 4513 953 4592 compareat
975 4510 1013 4575 ad
1038 4510 1184 4574 effectum
1199 4505 1373 4588 excipiendi
1391 4504 1429 4569 de
1445 4503 1588 4566 nullitate

225 4643 243 4680 u
267 4619 441 4695 citationis,
466 4618 563 4683 Ιάνν.
585 4619 657 4681 itio.
680 4637 712 4682 ν.
733 4613 785 4682 st.
808 4620 851 4684 Et
873 4619 937 4684 sive
967 4624 1155 4702 procurator
1177 4616 1218 4680 sit
1246 4612 1420 4698 specialiter
1443 4611 1481 4676 ad
1504 4609 1589 4673 iiiam

228 4750 246 4787 a
270 4727 378 4807 litem,
400 4728 462 4792 sive
485 4728 673 4811 generaliter
694 4728 732 4793 ad
761 4728 830 4794 lites
853 4733 923 4810 post
945 4728 1125 4792 citationem
1156 4726 1349 4803 exequutam
1381 4719 1587 4794 constitutus,

227 4859 245 4896 a
270 4836 441 4902 dnmmodo
462 4842 585 4914 mmen,
608 4837 732 4917 quando
755 4843 803 4903 cst
826 4836 1013 4919 generaliter
1036 4834 1226 4900 constitutus
1248 4830 1381 4895 deducat
1403 4825 1591 4911 generalita-
