3734 5750
230 384 287 433 vill

329 512 497 587 Occurrit
520 513 579 586 isti
605 513 762 588 delectui
787 514 997 589 Lunovrcus
1021 511 1075 584 Du
1099 509 1271 598 Crocus,
1297 505 1492 580 Perusinus
1529 506 1588 580 ille

229 629 511 704 Iurisconsultus
543 652 652 724 quem
678 630 924 705 Lancellottus
956 628 1136 718 illustrat,
1163 645 1273 718 quem
1298 622 1465 716 hierius,
1491 624 1589 698 Cris-

228 749 369 844 polius,
396 748 599 841 Bellortus,
625 747 820 840 Oldoinus,
847 745 1093 842 Hyacinthus,
1119 743 1304 818 Vinciolus
1331 742 1499 816 laudibus
1522 764 1589 816 ex-

228 864 380 956 tollunt,
407 866 511 961 cujus
531 866 646 939 vitam
670 864 846 939 Antonius
864 862 1055 953 PaciniuS,
1081 868 1119 936 et
1138 859 1416 934 Bartholomeus
1435 860 1591 934 Cencios

227 982 409 1056 fusissime
434 982 706 1078 conscripsere3
732 983 816 1079 ille,
842 982 1016 1081 iuquam,
1042 978 1246 1069 Ludovicus
1271 978 1334 1072 qui
1362 978 1399 1053 in
1424 978 1591 1053 celebra-

227 1100 367 1175 tissimo
392 1121 505 1176 aureo
530 1109 690 1177 tractatu
713 1102 767 1175 lin
793 1101 975 1176 Cnnsmos
995 1106 1098 1174 tanto
1123 1098 1302 1173 salamae
1328 1098 1517 1173 decoravit
1536 1099 1593 1172 ni-

227 1227 331 1313 tore,
356 1227 398 1294 ut
418 1240 546 1295 omnes
565 1241 640 1294 non
660 1222 778 1294 solum
797 1220 835 1294 in
854 1222 1020 1295 Romana
1041 1215 1153 1292 Curia
1172 1217 1317 1291 ludices
1335 1225 1374 1291 et
1393 1217 1589 1311 Doctores,

228 1358 373 1432 quoque
399 1338 463 1413 sed
487 1338 648 1413 universi
673 1338 893 1431 ubicumque
910 1338 1077 1427 locorum
1092 1334 1247 1432 juristae
1268 1337 1347 1433 ejus
1365 1337 1591 1432 potissimum

227 1456 446 1531 auctoritate
480 1456 677 1531 fulciantur
711 1456 749 1529 in
774 1443 1036 1530 controversiis
1069 1452 1300 1548 dirimendiS,
1334 1462 1373 1528 et
1399 1454 1593 1550 ipsiusmet

228 1579 377 1647 utantur
398 1593 491 1648 voce
512 1575 542 1647 si
561 1595 608 1649 ea
627 1573 664 1647 in
684 1593 725 1647 re
746 1573 791 1647 de
812 1593 885 1666 qua
905 1572 1072 1667 scripsit,
1094 1570 1219 1646 veniat
1238 1570 1309 1644 illis
1330 1570 1591 1646 disserendum.

323 1695 394 1768 lste
419 1693 635 1790 perillustris
659 1692 888 1783 Ludovicus,
915 1692 1021 1787 cujus
1041 1690 1180 1765 nomini
1197 1689 1260 1765 vix
1277 1690 1392 1763 ullum
1410 1690 1594 1765 sufficeret

226 1809 403 1904 elogium,
431 1816 628 1885 tractatum
661 1810 720 1882 DE
744 1807 1145 1883 PROCURATORIBUS
1170 1806 1334 1901 scripsit,
1361 1826 1471 1899 quem
1496 1826 1593 1880 nunc

227 1925 385 2019 primum
405 1926 639 2021 evulgamus,
661 1945 844 2019 quemque
865 1923 1030 2000 comitati
1051 1932 1197 1999 vestrae
1217 1925 1386 1997 volumus
1405 1943 1593 1998 commen-

228 2043 365 2117 datum.
392 2046 535 2132 Quanto
554 2043 593 2117 in
612 2044 731 2139 pretio
751 2043 797 2117 sit
815 2041 1026 2116 habendum
1045 2041 1115 2114 hoc
1135 2059 1227 2135 opus
1246 2040 1353 2115 facile
1378 2041 1478 2114 valet
1502 2043 1594 2114 hau·

227 2160 291 2235 riri
316 2183 363 2237 ex
388 2161 515 2252 titulo,
540 2183 589 2237 ex
613 2162 781 2236 Auctoris
806 2161 976 2250 nomine,
1003 2180 1051 2233 ex
1077 2158 1297 2233 necessitate
1322 2167 1594 2252 praemonstra-

227 2278 317 2352 toris
342 2277 380 2351 in
406 2298 479 2371 qua
500 2286 695 2352 versantur
719 2276 886 2353 luristae.
913 2276 966 2349 hd
987 2274 1139 2349 nihilum
1161 2276 1261 2347 valet
1281 2273 1419 2368 praxis,
1450 2276 1594 2366 quando

227 2417 275 2470 cx
297 2397 486 2471 theoricae
507 2396 727 2470 auctoritate
746 2395 895 2468 minime
920 2392 1169 2468 confirmetur.
1194 2391 1291 2465 vidit
1314 2386 1449 2467 hoctor
1472 2401 1595 2467 noster

100 2504 107 2509 ’
229 2514 356 2607 quanti
376 2520 500 2588 essent
521 2512 559 2585 in
578 2508 672 2586 Fdro
693 2531 787 2604 quae
808 2515 1078 2584 Procuratores
1094 2516 1133 2582 et
1150 2510 1363 2589 Mandatum
1384 2508 1593 2609 respiciunt,

229 2639 269 2707 et
300 2618 460 2707 illaudati
492 2632 848 2721 Procuratorumtpre
880 2627 1075 2713 materiam
1108 2647 1156 2700 ex
1190 2625 1354 2719 professo
1378 2614 1593 2716 tractando,

227 2749 501 2827 difficultatibus
525 2746 694 2825 omnibus
717 2746 866 2829 obviam
892 2765 932 2819 se
952 2746 1060 2838 fecit3
1085 2744 1172 2833 hipc
1197 2765 1220 2821 a
1240 2744 1438 2831 verborum
1459 2744 1597 2841 signiti-

229 2868 375 2956 catione
409 2888 558 2958 sumons
589 2862 802 2959 exordium,
837 2869 1117 2964 procuratorum
1151 2885 1258 2950 nsum
1293 2885 1341 2940 ex
1377 2865 1595 2950 necessitate

231 2985 401 3082 probavit
424 2985 640 3074 inventum,
674 2981 721 3060 ab
744 2981 951 3066 bumilitate
978 2982 1199 3076 vindicavit,
1233 2985 1386 3081 ejusque
1415 2983 1595 3079 originem

231 3107 278 3187 ab
304 3104 467 3182 amicitia
491 3104 613 3180 traxit.
646 3105 699 3180 De
734 3101 925 3197 speciebus
958 3101 1121 3186 mandati
1154 3102 1283 3186 habuit
1308 3101 1473 3186 verbum.
1508 3102 1595 3192 Quis

230 3224 344 3319 possit
375 3243 457 3308 etde
488 3225 730 3318 Procurator,
764 3242 787 3312 a
819 3241 894 3313 prro
926 3220 1051 3304 veniat
1084 3220 1360 3314 constituendus
1396 3220 1594 3300 nunciavit.

229 3345 308 3417 Non
334 3341 449 3416 tacuit
474 3341 519 3415 de
544 3339 719 3435 Syndico:
753 3341 814 3414 lle'
831 3338 878 3414 ad
910 3339 994 3412 lites
1017 3339 1260 3413 Procuratore
1285 3339 1473 3416 dissonuit:
1499 3340 1596 3414 bixtt

231 3464 278 3542 de
302 3463 544 3545 Procuratore
569 3457 616 3533 ad
648 3458 820 3554 negotia,
846 3463 885 3533 et
905 3456 951 3532 de
975 3456 1033 3534 his
1052 3477 1147 3550 uuae
1166 3457 1438 3552 particulariter
1461 3459 1508 3533 ad
1529 3459 1598 3532 hu-

228 3580 389 3677 iusmodi
420 3577 582 3662 efficium
613 3577 798 3672 pertinere
832 3575 1014 3661 videntur.
1049 3575 1265 3654 Communia
1299 3576 1347 3652 ad
1377 3576 1461 3650 lites
1485 3585 1524 3651 et
1550 3577 1596 3650 ad

233 3697 383 3795 negotia
416 3693 644 3792 procuratori
677 3692 830 3778 inseruit
855 3695 1043 3778 nonnulla.
1075 3695 1128 3768 De
1152 3691 1433 3784 ratihabitione,
1463 3692 1508 3768 de
1538 3715 1598 3769 re·

235 3816 429 3900 vocatione
462 3813 621 3896 Mandati
653 3816 770 3890 multa
802 3813 890 3892 lecit
914 3811 1040 3892 verba.
1075 3812 1133 3890 hit
1157 3812 1202 3885 de
1235 3810 1464 3905 expiratione
1488 3811 1597 3892 officii

233 3932 496 4010 Procuratoris.
520 3932 572 4006 De
593 3932 684 4008 salso
704 3938 957 4027 procuratore,
978 3930 1097 4024 deque
1115 3928 1242 4025 poenis
1257 3928 1337 4023 eius
1356 3927 1517 4003 firmant
1532 3928 1598 4001 ali-

235 4071 330 4142 qua,
355 4049 543 4142 multaque
575 4049 649 4126 alia
673 4049 886 4143 explanavit
919 4047 1077 4142 quaein
1103 4047 1234 4122 Goliuti
1258 4052 1420 4122 tractatu
1446 4044 1595 4120 minime

236 4169 479 4263 reperiuntur.
503 4167 636 4244 Ordine
655 4167 764 4257 miro,
789 4172 829 4242 et
849 4166 1017 4244 claritate
1042 4184 1184 4240 summa
1208 4168 1325 4238 totum
1348 4163 1447 4236 hunc
1464 4160 1600 4255 predii-

236 4284 371 4360 ficilem
403 4284 612 4366 enucleavit
645 4285 793 4360 omnino
818 4288 1042 4374 tractatum,
1068 4289 1107 4355 et
1131 4280 1324 4372 Cauones,
1350 4279 1491 4372 leges,
1517 4277 1599 4351 Sta·

238 4410 330 4493 tuta,
349 4402 634 4478 constitutiones
650 4402 814 4494 adduxit,
833 4422 902 4475 nec
919 4420 994 4473 non
1011 4398 1221 4476 scribentes
1237 4417 1366 4473 omncs
1382 4394 1598 4487 Canonicos,

238 4520 421 4598 Civilistas
445 4543 533 4617 prae
558 4522 727 4602 manibus
750 4520 899 4611 habuit,
925 4526 1120 4604 uteorum
1144 4517 1357 4613 opiniones,
1388 4513 1600 4589 illustratio-

237 4657 326 4733 nes',
352 4640 505 4720 consilia
538 4658 701 4734 congrue
727 4638 949 4714 citarentur:
984 4656 1104 4729 neque
1129 4636 1354 4711 decisionum
1387 4632 1521 4707 oblitus
1543 4638 1601 4704 est

239 4757 371 4834 Curiae
392 4759 600 4849 Romanae,
628 4757 834 4849 sacraeque
854 4756 1042 4829 Romanae
1062 4755 1199 4846 Rotae,
1225 4759 1266 4826 ut
1285 4773 1376 4846 opus
1396 4749 1492 4844 qnod
1512 4768 1600 4821 con·

237 4887 397 4973 generat,
420 4877 617 4953 sorensium
635 4874 924 4965 necessitatibus,
944 4872 1148 4947 Curialibns
1165 4871 1344 4961 studiosis,
1363 4869 1601 4959 omnibusque
