3734 5750
298 366 364 433 ott
728 365 927 435 Luuovrffl
949 363 1070 432 cauci
1092 368 1238 435 Tancr.

298 581 315 618 a
338 562 476 640 potestas
499 554 662 621 revocandi
694 555 871 621 nullatanus
902 557 1117 640 restringenda
1139 562 1207 634 esti,
1230 573 1431 639 quacumque
1463 562 1663 627 conventione

298 689 315 726 n
339 667 581 744 nonobstante,
606 663 702 730 darc.
725 662 762 726 dc
784 664 861 728 Luc.
883 665 919 728 dc
937 663 1070 744 judiciis
1092 665 1165 729 disc.
1186 661 1208 728 6
1232 684 1263 727 n.
1296 662 1345 729 13.

387 773 438 838 28.
460 776 523 841 lsta
545 779 651 838 autem
673 772 891 854 subampliatio
913 773 1006 839 debet
1027 771 1160 856 intelligi
1182 778 1221 839 ut
1242 773 1283 839 sit
1305 791 1388 852 vera,
1405 775 1532 855 quando
1555 777 1670 842 musti-

299 892 391 951 tuens
421 884 567 966 promisit
596 884 721 965 ipsimet
754 882 952 964 procuratori
976 881 1065 946 illum
1087 899 1149 946 non
1182 899 1342 960 revocare,
1372 882 1426 946 aed
1447 883 1575 963 quando
1597 902 1672 966 pro-

299 991 385 1055 misit
407 991 508 1072 perti,
523 990 593 1054 talis
616 991 780 1072 promissio
803 993 850 1055 ast
872 988 1040 1065 servanda,
1055 993 1089 1055 et
1104 989 1288 1054 mandatum
1312 991 1452 1056 revocari
1474 1008 1537 1055 non
1551 995 1670 1073 posset,

301 1099 391 1163 ectu.
414 1101 449 1163 io
472 1098 560 1163 rubr.
584 1108 661 1162 ectr.
684 1099 721 1162 dc
740 1115 871 1178 ρτοααρ.
887 1099 941 1161 col.
957 1094 978 1157 2
993 1116 1024 1162 α.
1047 1145 1055 1161 .
1078 1145 1086 1160 .
1110 1145 1118 1175 ,
1140 1093 1206 1160 Jcc
1229 1099 1263 1161 in
1285 1097 1321 1161 L
1343 1099 1372 1162 si
1394 1116 1460 1162 non
1475 1108 1589 1163 ωηερε
1605 1094 1628 1182 S
1642 1100 1672 1161 si

299 1218 425 1275 centum
450 1209 504 1271 col.
526 1204 547 1269 3
570 1226 601 1271 α.
622 1205 644 1267 7
666 1205 751 1287 ffde
780 1207 869 1269 cond
900 1205 1015 1283 indeo,
1040 1204 1108 1270 aot
1140 1200 1266 1268 conass
1297 1223 1330 1269 α.
1362 1204 1405 1268 50
1428 1205 1477 1268 lid.
1512 1203 1550 1281 1,
1576 1204 1672 1270 Sora

300 1335 383 1380 coos.
405 1311 471 1378 tte
493 1335 525 1379 α.
548 1310 592 1377 68
615 1323 644 1378 ct
667 1333 726 1397 seq.
749 1314 798 1378 tit.
823 1310 853 1377 3.

387 1419 438 1484 29.
461 1420 694 1503 Subampliatur
716 1421 871 1498 secundo,
893 1422 990 1487 etiam
1012 1422 1038 1486 si
1061 1421 1132 1487 talis
1163 1422 1329 1503 promissio
1350 1422 1389 1486 de
1411 1440 1474 1487 non
1498 1423 1670 1488 revocando

300 1536 506 1614 procuratore
527 1536 608 1595 esset
629 1532 807 1613 iuramento
831 1530 975 1609 firmata,
999 1528 1095 1595 Gloss.
1116 1531 1152 1594 in
1175 1549 1243 1612 cup.
1265 1532 1319 1613 fio.
1343 1534 1379 1596 in
1402 1533 1484 1598 ocri.
1507 1517 1672 1597 revocatus

302 1643 338 1706 dc
350 1658 482 1723 ρνοααν.
497 1641 533 1703 in
549 1637 580 1716 6,
597 1639 750 1704 Ecastor
773 1637 802 1703 d
818 1655 886 1721 cup.
901 1636 922 1701 6
938 1659 969 1704 α.
984 1635 1028 1702 83
1044 1656 1120 1703 cers.
1134 1639 1190 1703 udi
1205 1638 1289 1703 donc
1311 1640 1552 1717 conclusionem,
1569 1639 1670 1704 lacot.

302 1748 454 1814 Laureae.
477 1745 513 1810 dc
530 1748 631 1827 judic.
654 1756 784 1829 suspect.
806 1763 874 1828 cop.
889 1744 911 1809 6
926 1765 958 1811 α.
974 1744 1036 1825 36,
1051 1748 1106 1828 qui
1123 1749 1238 1813 multos
1259 1747 1375 1831 allegat
1395 1754 1429 1814 et
1450 1749 1489 1813 de
1510 1750 1673 1814 communi

303 1859 456 1933 testatur,
477 1856 579 1920 Paris.
602 1855 631 1917 d
654 1874 737 1920 cons.
752 1852 796 1920 69
818 1876 849 1920 α.
875 1853 954 1933 119,
970 1864 998 1920 et
1014 1855 1043 1922 d.
1058 1875 1141 1921 cons.
1155 1853 1178 1919 8
1193 1876 1225 1920 α.
1240 1853 1301 1934 29,
1318 1856 1404 1922 aem.
1421 1854 1494 1922 sen
1509 1875 1593 1922 cona
1608 1853 1673 1920 292

302 1984 333 2029 α.
356 1961 377 2027 9
400 1963 449 2028 lid.
472 1961 503 2040 2,
529 1964 598 2027 Dec.
621 1981 704 2027 cens.
728 1960 791 2026 621
816 1983 849 2027 a.
873 1960 916 2025 12
938 1965 975 2027 in
995 1964 1067 2045 qim,
1099 1963 1186 2027 Vaut.
1209 1964 1238 2028 d.
1260 1964 1306 2028 tit.
1328 1963 1366 2027 dc
1388 1964 1494 2028 nollit.
1508 1963 1672 2045 coeQdefect.

303 2073 503 2137 inmittite.
521 2070 596 2152 138,
611 2073 667 2153 qui
683 2072 787 2154 plores
801 2073 961 2155 congerit,
975 2071 1097 2153 Josred.
1121 2070 1209 2135 Ball.
1232 2071 1321 2134 decis.
1335 2065 1401 2134 399
1417 2079 1494 2134 cent
1510 2068 1540 2147 5,
1557 2069 1673 2133 Frons.

304 2182 411 2245 Motis.
435 2180 471 2245 dc
493 2182 545 2245 rit.
566 2190 657 2262 nupt.
679 2180 727 2245 lid.
752 2178 768 2243 1
796 2196 934 2261 compar.
958 2176 1001 2241 23
1025 2196 1056 2242 n.
1079 2176 1141 2254 62,
1159 2178 1256 2243 Mart.
1279 2187 1337 2243 cot.
1362 2175 1401 2239 11
1426 2196 1458 2240 α.
1473 2174 1505 2253 2,
1529 2177 1601 2241 Rot.
1623 2194 1673 2239 co-

214 2278 216 2285 i
305 2310 386 2356 ram.
409 2290 518 2353 Aclsid.
541 2287 714 2365 decis.71,
737 2297 885 2371 quaeest
909 2286 948 2350 11
973 2288 1010 2351 ds
1029 2304 1175 2369 procur„
1199 2304 1307 2350 corum
1332 2284 1452 2349 Molred
1476 2283 1568 2348 decis.
1592 2279 1673 2359 189,

304 2414 383 2479 quac
406 2406 448 2462 est
471 2394 514 2460 28
537 2397 573 2462 dc
594 2414 749 2473 renunc,
772 2405 801 2461 et
823 2399 912 2461 decis.
934 2393 979 2460 38
1001 2405 1071 2477 post
1095 2394 1200 2461 Galles
1220 2397 1258 2460 de
1281 2395 1402 2475 odliqot.
1428 2393 1586 2460 eamear

392 2507 626 2571 «Procurator
655 2507 847 2570 constitutus
877 2505 1124 2570 irrevocabiliter
1153 2505 1249 2571 etiam
1272 2520 1347 2568 cum
1366 2504 1544 2585 juramento
1572 2503 1676 2583 potest

305 2636 323 2675 «
346 2631 468 2696 semper
490 2615 647 2690 revocari,
675 2614 816 2678 lnomut.
839 2614 929 2679 decis.
953 2610 997 2676 36
1019 2633 1052 2678 n.
1074 2610 1118 2675 28
1141 2630 1212 2693 ραν.
1238 2611 1266 2676 1.

393 2745 410 2783 «
435 2721 515 2801 Quia
540 2723 695 2787 revocatio
717 2722 933 2803 procuratoris
956 2724 1099 2804 respectu
1123 2721 1206 2785 initii
1228 2722 1262 2783 et
1283 2723 1461 2804 antequam
1492 2714 1675 2780 mandatum

306 2854 325 2894 a
349 2833 391 2900 sit
412 2832 629 2915 adimpletum,
652 2831 804 2914 pendete
828 2831 990 2897 voluntate
1009 2829 1142 2914 jurantis
1164 2846 1225 2893 uon
1248 2843 1413 2904 revocare,
1433 2828 1468 2891 et
1489 2820 1674 2888 comtitutio

305 2966 323 3005 a
348 2943 445 3026 ipsius
465 2948 512 3008 est
534 2942 628 3023 hujus
652 2945 784 3006 naturae
807 2944 844 3004 ut
867 2940 963 3004 libere
985 2939 1081 3021 possit
1103 2937 1259 3012 revocari;
1283 2952 1357 2999 cum
1379 2950 1473 2997 nemo
1495 2930 1603 3013 possit,
1625 2943 1674 2990 me

307 3075 325 3112 a
350 3052 457 3130 invito,
479 3051 604 3115 nomine
626 3067 696 3115 meo
718 3048 891 3130 quidquam
914 3064 1027 3131 agere,
1051 3050 1088 3110 ut
1111 3045 1247 3110 habetur
1269 3045 1300 3107 in
1323 3060 1391 3123 cop.
1412 3043 1465 3123 pto.
1488 3040 1525 3103 dc
1544 3051 1673 3117 procur.

307 3183 324 3221 s
350 3165 385 3225 io
409 3157 448 3239 6,
470 3164 503 3224 et
524 3158 703 3241 hujusmodi
732 3157 896 3240 promissio
918 3174 979 3220 non
1003 3153 1165 3219 revocandi
1187 3154 1282 3217 etiam
1304 3168 1378 3215 cum
1409 3150 1589 3232 iuramento
1619 3159 1675 3226 per

309 3293 326 3331 n
349 3269 428 3335 hanc
452 3271 603 3334 rationem
629 3268 752 3333 videtur
775 3265 929 3331 difformis
944 3265 982 3328 ab
999 3266 1066 3345 ipso
1087 3265 1157 3346 jure
1178 3266 1211 3327 et
1233 3259 1321 3341 quasi
1336 3256 1540 3341 praetorius,
1555 3257 1591 3317 et
1605 3250 1672 3314 idco

308 3384 458 3446 «contra
482 3377 558 3441 illud
580 3377 716 3459 ejusdem
736 3375 814 3457 juris
845 3390 975 3437 censura
1007 3372 1142 3453 inspecta
1171 3368 1270 3433 veniri
1297 3369 1408 3449 potest,
1432 3360 1574 3443 quanwis
1602 3374 1675 3421 con-

309 3512 328 3550 «
353 3488 527 3554 traveniens
549 3486 687 3569 graviter
711 3488 835 3566 peccet,
858 3481 941 3545 idem
969 3480 1109 3544 Taomcs.
1131 3478 1161 3541 d.
1183 3477 1272 3540 dacis.
1294 3471 1337 3537 30
1360 3492 1392 3536 n.
1414 3469 1457 3534 29
1476 3485 1551 3550 par.
1573 3463 1601 3528 1.

395 3617 412 3655 α
436 3596 544 3673 Neque
566 3596 684 3675 urgent
706 3594 737 3655 in
761 3591 956 3656 contrarium
978 3588 1095 3653 tradita
1119 3603 1175 3669 per
1192 3586 1305 3653 acus.
1328 3598 1411 3645 cons.
1433 3576 1454 3642 6
1477 3578 1528 3641 lte.
1552 3574 1583 3653 1,
1609 3573 1675 3637 liat

306 3726 325 3765 c
351 3706 384 3769 in
409 3705 507 3785 crsttq.
531 3704 619 3766 decis.
644 3697 717 3778 lot,
739 3709 766 3763 et
790 3698 918 3779 Grecos.
942 3698 1031 3761 decis.
1055 3691 1120 3759 362
1142 3712 1174 3758 α.
1196 3690 1236 3771 8,
1258 3691 1332 3772 quia
1353 3686 1529 3772 procedunt
1551 3684 1674 3748 mutum

307 3834 326 3873 e
350 3812 380 3875 in
396 3828 469 3876 casu
484 3808 609 3889 quando
630 3809 794 3891 ipsiusmet
811 3806 1027 3889 procuratoris
1044 3804 1226 3873 interestne
1241 3802 1417 3875 revocetur,
1432 3796 1514 3860 idem
1534 3793 1675 3856 mmet

310 3942 328 3979 a
352 3919 463 3983 ebidem
487 3938 518 3982 tt.
541 3914 593 3982 30.

395 4050 412 4088 a
438 4027 625 4092 Mandatum
641 4026 683 4090 ad
695 4026 821 4091 libitum
845 4023 1022 4089 mandantis
1036 4027 1084 4087 est
1098 4019 1361 4101 quandocumque
1378 4009 1550 4078 revocabile
1566 4023 1675 4088 quam

308 4157 326 4196 a
354 4136 398 4199 vis
419 4134 581 4199 accederet
593 4135 818 4216 juramentum,
833 4132 917 4214 quod
940 4132 1057 4195 dicitur
1080 4129 1297 4193 famulativum
1321 4127 1510 4199 contractus,
1523 4123 1675 4183 etconsc

308 4263 325 4302 a
351 4248 484 4321 quenter
507 4242 702 4324 operativum
726 4260 764 4306 eo
786 4241 929 4307 durante.
952 4237 1226 4319 Quemadmodum
1249 4235 1365 4299 etenim
1381 4233 1412 4297 in
1428 4228 1579 4295 mandato
1594 4222 1673 4305 quod

308 4372 325 4411 s
349 4369 410 4414 non
432 4351 473 4415 sit
496 4351 528 4413 in
551 4368 617 4414 rem
641 4350 799 4433 propriam
815 4367 851 4413 ac
866 4347 1080 4431 principaliter
1102 4347 1134 4409 in
1158 4344 1293 4428 gratiam
1309 4337 1505 4414 mandatarii,
1519 4334 1574 4399 sed
1591 4332 1672 4414 prin·

309 4481 327 4521 c
351 4450 492 4544 cipalitcr
516 4461 547 4523 in
571 4460 704 4543 gratiam
738 4458 932 4535 mandantis,
954 4457 1053 4521 intrat
1084 4454 1242 4519 revocatio
1274 4454 1340 4534 ipso
1369 4452 1440 4532 jure
1461 4465 1519 4530 per
1542 4449 1673 4509 mortem

308 4588 326 4625 α
350 4567 445 4630 unius
466 4567 512 4630 vel
534 4567 680 4643 alterius,
704 4567 747 4630 ita
770 4565 884 4629 lortius
907 4565 1026 4630 intrare
1053 4563 1146 4627 debet
1177 4559 1390 4627 revocabilitas
1413 4574 1471 4639 per
1493 4567 1675 4620 consensum

308 4695 327 4734 e
351 4690 552 4755 expressum,
575 4692 614 4738 ue
636 4673 709 4738 alias
731 4673 801 4755 plus
821 4677 973 4755 operetur
994 4671 1104 4736 lictum
1126 4685 1222 4749 quam
1246 4685 1366 4746 verum,
1380 4681 1436 4730 seu
1458 4662 1529 4745 plus
1544 4660 1673 4725 tacitum

309 4805 327 4844 s
352 4798 447 4863 quam
468 4798 671 4864 expressum,
685 4799 760 4847 cum
776 4782 932 4845 revocatio
954 4797 1035 4860 quae
1059 4776 1229 4843 resultata
1255 4778 1359 4840 morte
1381 4770 1514 4855 pendeat
1535 4784 1553 4830 a
1576 4779 1674 4830 cessa-

309 4910 327 4949 «
352 4889 437 4954 tiom
458 4905 641 4966 consensus,
659 4888 755 4953 dard.
769 4890 806 4953 de
826 4890 899 4954 Luc.
913 4890 950 4953 dc
965 4897 1059 4955 tutor.
1084 4896 1111 4951 ct
1136 4887 1387 4951 administrator.
1409 4880 1482 4945 disc.
1504 4874 1547 4939 20
1570 4867 1653 4939 rtis
