3734 5750
589 377 646 445 DE
669 374 1055 448 comprimamus.
1076 380 1165 448 CAP.
1188 376 1318 446 Lxxv.
1569 375 1635 446 399

263 551 305 619 eit
327 565 458 634 persona
481 547 797 630 thermodoontem
827 548 913 614 nobie
942 547 1117 614 dominium
1140 554 1174 614 et
1196 551 1364 632 poscendo,
1388 550 1423 614 L.
1449 547 1465 611 1
1491 553 1554 615 cod.
1577 569 1638 633 per

263 680 345 745 pact
364 679 492 743 person.
514 659 582 724 nob.
605 673 672 741 ocp.
694 658 737 723 nt
758 656 890 739 proinde
912 655 1073 722 mundanti
1102 655 1257 722 debentur
1278 657 1405 725 nactus
1427 657 1473 721 rei
1492 659 1562 739 eine
1581 677 1638 723 no-

262 772 348 836 rnine
362 774 396 835 et
415 786 474 852 pro
490 785 529 833 eo
551 772 694 851 emptae,
716 766 806 849 cujus
827 763 1004 829 dominium
1028 763 1090 830 luit
1111 762 1169 828 eibi
1193 764 1349 829 mediante
1372 781 1502 846 peruonu
1524 782 1639 847 procu-

265 877 382 941 ratoris
403 874 614 958 acquisitum:

353 983 405 1049 32
426 985 508 1053 Cum
530 985 654 1050 fructus
673 986 848 1064 sequantur
870 980 1068 1063 dominium,
1089 982 1125 1047 L
1146 980 1167 1047 3
1189 980 1212 1069 8
1236 1000 1277 1049 eu
1300 986 1466 1048 contrario
1477 983 1508 1067 ff
1519 983 1555 1048 de
1570 999 1638 1067 ncp.

261 1112 391 1176 poenosa.

354 1200 406 1266 53.
428 1199 626 1269 Contrarium
643 1202 748 1263 tamen
762 1198 950 1264 sententium
966 1196 1068 1279 quoad
1084 1200 1300 1265 nenessitatem
1315 1196 1503 1265 restituendi
1517 1197 1640 1263 tructus

265 1308 370 1374 medio
400 1313 542 1391 tempore
573 1300 757 1390 perceptos,
788 1304 888 1376 voluit
918 1304 1091 1371 dictatio
1113 1307 1149 1372 L
1171 1306 1192 1370 2
1214 1304 1238 1393 §
1261 1310 1368 1373 motui
1398 1307 1485 1372 dolio
1511 1308 1566 1371 col.
1586 1307 1639 1389 ltu.

264 1437 296 1482 u.
318 1465 326 1481 .
348 1467 356 1482 .
378 1466 386 1482 .
408 1417 439 1501 ff
457 1418 485 1482 et
507 1424 580 1481 cert.
600 1424 661 1497 pet.
679 1430 739 1495 per
766 1412 840 1477 rea.
863 1414 898 1476 iu
922 1412 959 1477 L.
981 1414 1010 1477 ei
1024 1430 1097 1479 uero
1111 1432 1177 1479 oon
1192 1408 1426 1480 remunerandi
1448 1411 1472 1499 8
1495 1415 1522 1478 ei
1544 1413 1638 1490 mibi,

262 1524 298 1589 L
320 1525 460 1608 idemque
474 1520 541 1609 §ei
562 1540 603 1588 ec
624 1521 739 1606 (anda
761 1516 785 1607 8
807 1523 835 1586 n'
856 1522 1060 1603 mandavero,
1075 1520 1141 1609 et§
1159 1524 1240 1588 idem
1258 1524 1361 1589 Labeo
1384 1523 1415 1607 ff
1427 1521 1545 1601 meod,
1559 1532 1587 1587 et
1602 1523 1638 1585 iu

262 1630 299 1695 L.
323 1640 351 1696 et
373 1632 408 1695 iu
432 1632 603 1695 contrario
627 1630 658 1713 ff
676 1628 714 1693 de
735 1647 845 1710 usur„
868 1638 896 1694 et
917 1632 954 1695 iu
977 1630 1013 1696 L
1034 1633 1126 1715 ceput
1148 1642 1270 1698 nutura
1291 1631 1377 1714 ffde
1399 1650 1501 1714 nepoc.
1522 1640 1595 1713 peut.

352 1732 404 1801 bl.
425 1739 468 1804 lit
490 1737 567 1803 baec
589 1737 695 1821 opinio
718 1737 798 1802 mibi
821 1737 948 1803 videtur
962 1740 1112 1821 aequior,
1128 1741 1154 1806 ei
1170 1740 1251 1806 nulla
1268 1760 1356 1806 mora
1374 1740 1527 1825 regularis
1541 1740 1639 1824 ipsius

260 1847 478 1929 procuratoris
498 1847 683 1929 praecessit,
703 1846 778 1911 alius
793 1847 942 1913 mundana
956 1847 1202 1930 locupletaretur
1216 1866 1291 1917 curu
1303 1851 1425 1932 jactura
1441 1849 1640 1927 mandatarii,

258 1957 292 2019 et
306 1955 331 2018 si
347 1954 476 2020 deberet
489 1955 637 2037 consequi
659 1954 783 2020 tructus
805 1953 957 2020 retineret
980 1972 1048 2020 rem
1063 1959 1098 2020 et
1111 1957 1273 2039 praecium
1294 1961 1403 2023 eontra
1423 1957 1636 2037 nequitatem,

260 2062 296 2127 L.
318 2063 452 2126 curabit.
476 2063 539 2127 cod
562 2062 599 2127 de
621 2071 682 2127 oct.
712 2071 803 2144 empt.
826 2080 883 2146 per
912 2081 1009 2145 quam
1031 2064 1185 2130 rationem
1208 2065 1287 2131 bunc
1310 2066 1489 2150 opinionem
1512 2065 1630 2148 emple-

260 2173 360 2238 ctitur
391 2171 532 2237 Rodoic.
554 2172 591 2236 de
612 2173 734 2237 annuis
756 2172 867 2237 reddit.
889 2173 940 2236 lib.
963 2170 984 2237 3
1006 2183 1126 2257 quoeet.
1159 2173 1198 2239 11
1233 2196 1264 2241 o.
1286 2175 1331 2241 76
1356 2187 1384 2242 et
1407 2195 1506 2261 sopp,
1536 2187 1564 2243 et
1590 2178 1637 2243 lo.

261 2277 357 2360 Bopt.
378 2280 492 2359 Lupus
513 2280 542 2344 d.
563 2276 587 2365 8
610 2278 632 2343 7
654 2299 686 2345 a
710 2277 783 2343 151.
1343 2296 1346 2301 ⁴

349 2387 401 2452 55.
423 2390 466 2455 lit
488 2389 687 2472 procuratori
709 2393 790 2455 emet
812 2388 998 2454 damnosum
1013 2388 1096 2456 illius
1117 2391 1255 2458 odicium
1278 2394 1363 2475 quod
1388 2413 1450 2459 non
1471 2400 1519 2461 cst
1535 2395 1636 2460 leren-

259 2494 355 2569 dum,
380 2492 416 2559 L
438 2498 477 2561 io
497 2495 651 2561 amodoto
672 2495 704 2579 ff
719 2496 827 2561 mund

350 2600 401 2667 56.
424 2604 544 2670 Verum
576 2606 659 2669 enirn
691 2623 766 2669 vero
796 2605 821 2669 si
854 2604 1003 2672 mandans
1032 2605 1122 2673 dedit
1157 2608 1320 2689 pecuniam
1359 2608 1561 2692 procuratori
1593 2608 1633 2673 ad

232 2770 237 2780 ,
260 2713 423 2779 emendem
446 2730 513 2778 reru
537 2713 694 2795 aliquam,
716 2717 749 2777 et
773 2713 837 2795 ipse
858 2718 1022 2779 convertat
1044 2714 1127 2779 illam
1143 2715 1190 2779 vel
1206 2715 1239 2780 in
1253 2716 1397 2798 proprior
1411 2730 1502 2795 unna,
1519 2714 1565 2780 uel
1581 2715 1636 2781 det

261 2818 399 2899 foenori,
421 2824 550 2886 leuetur
572 2820 732 2887 mandenti
754 2821 793 2886 ad
817 2839 939 2902 usuras,
962 2822 1105 2888 videlicet
1126 2824 1230 2907 primo
1252 2841 1326 2889 canu
1349 2823 1389 2889 ad
1413 2829 1579 2890 consuetas
1603 2824 1635 2888 in

260 2931 407 3014 regione,
428 2929 565 2996 amando
587 2948 662 2995 vero
684 2948 759 2998 casu
782 2931 821 2997 ud
843 2949 895 2997 eas
917 2948 996 3012 quas
1019 2933 1083 3014 ipse
1106 2933 1262 3016 percepit,
1277 2949 1317 2996 ne
1331 2931 1371 2996 de
1386 2931 1486 2998 ulieno
1506 2928 1633 2995 lucrum

259 3037 370 3116 iaciat,
395 3036 430 3103 L.
452 3037 594 3122 idemne
615 3034 639 3123 8
662 3041 691 3103 ti
709 3048 904 3120 procurator
926 3057 1016 3104 meuc
1037 3039 1069 3122 (f
1086 3039 1195 3105 mend

349 3143 400 3209 57.
422 3145 498 3211 Fuit
519 3145 687 3227 aliquando
708 3145 909 3222 dubitatum,
932 3147 959 3213 ei
980 3149 1181 3230 procuratori
1202 3149 1320 3213 ementi
1342 3148 1382 3213 de
1404 3147 1550 3213 mandato
1572 3147 1630 3211 do·

141 3283 148 3290 ·
259 3252 335 3317 mini
360 3254 415 3319 liat
435 3253 545 3320 dilatio
566 3254 604 3319 ud
627 3254 786 3336 praetium
808 3253 1009 3337 solvendum,
1029 3275 1069 3321 an
1090 3257 1121 3323 ei
1135 3259 1293 3339 competat
1306 3259 1416 3323 contra
1433 3255 1633 3323 mandentem

259 3377 317 3442 pro
340 3361 576 3444 recuperatione
597 3362 710 3444 praetii
732 3361 841 3427 statim
863 3362 944 3428 iacta
969 3367 1145 3449 emptione,
1167 3383 1207 3430 an
1236 3383 1311 3432 vero
1333 3367 1377 3433 sit
1397 3367 1629 3449 expectandum

260 3473 385 3551 tempus
406 3468 563 3534 faciendae
584 3470 767 3549 solutionis,
790 3479 817 3535 et
842 3470 970 3536 Poulei
994 3472 1052 3539 JO.
1076 3474 1115 3538 in·
1133 3472 1169 3537 L.
1184 3475 1212 3538 ei
1225 3473 1379 3539 mundato
1395 3492 1463 3538 meo
1477 3476 1513 3538 iu
1525 3477 1631 3556 princ.

258 3577 413 3660 pimand
434 3579 613 3663 respondit,
634 3578 720 3662 quod
743 3583 932 3662 procurator
952 3581 1072 3662 poterit
1093 3581 1200 3647 statim
1233 3598 1327 3664 agere
1348 3585 1458 3646 contra
1481 3579 1632 3645 mandun-

259 3692 343 3764 tem,
365 3705 426 3752 non
448 3691 487 3752 ut
507 3687 623 3765 uoluat,
645 3686 698 3752 scd
731 3691 770 3751 ut
801 3686 952 3767 suscipiat
982 3687 1015 3751 in
1044 3705 1078 3753 ne
1100 3688 1322 3773 obligationem
1345 3688 1386 3753 de
1407 3686 1552 3753 solvendo
1574 3686 1630 3751 ad-

257 3797 400 3861 veniente
422 3800 582 3878 tempore;
604 3813 676 3861 num
699 3794 830 3860 emendo
851 3798 1050 3862 contractum
1080 3796 1229 3881 perlecit,
1252 3802 1291 3861 ut
1311 3795 1389 3861 dicit
1411 3793 1456 3860 ibi
1479 3791 1571 3860 Buri.
1592 3793 1630 3857 in

254 3921 430 3985 summac,
452 3908 487 3971 et
509 3905 606 3970 sentit
627 3904 670 3969 ibi
694 3901 751 3971 JC.
774 3905 810 3968 in
832 3898 856 3987 8
877 3904 1028 3985 sequenti.

345 4008 396 4075 58.
417 4011 611 4077 Procurator
633 4016 742 4077 numm
764 4013 892 4076 tenetur
913 4010 1025 4076 cedere
1046 4011 1176 4077 domiuo
1204 4011 1361 4077 actionem
1390 4007 1490 4089 empti
1519 4010 1629 4072 contra

257 4119 469 4196 uenditorem,
492 4124 531 4186 ut
551 4119 629 4188 dicit
650 4120 692 4185 ibi
718 4119 846 4184 Paulus
870 4117 928 4186 JC.

344 4224 396 4291 59.
419 4227 490 4292 Alia
520 4228 617 4293 etiam
648 4227 813 4293 suboritur
841 4225 1065 4304 dubitatio,ui
1097 4227 1169 4309 quis
1200 4224 1327 4292 mandet
1357 4223 1557 4307 procuratori
1589 4228 1629 4289 ut

254 4338 342 4398 emat
363 4333 497 4399 fundum
519 4335 679 4400 communi
710 4336 837 4402 nomine
859 4336 956 4420 ipsius
986 4335 1163 4402 mandantis
1192 4339 1225 4400 et
1247 4333 1455 4410 mandatarii,
1484 4350 1524 4397 an
1546 4333 1629 4397 inter

255 4442 333 4507 istos
354 4445 500 4508 nascatur
530 4446 712 4510 contractus
742 4442 899 4524 mandati,
921 4463 961 4510 an
984 4462 1059 4509 vero
1089 4443 1264 4521 societatis,
1285 4447 1319 4507 et
1339 4441 1426 4523 quod
1453 4442 1536 4507 inter
1559 4441 1627 4506 illos

253 4555 418 4616 censeatur
439 4555 600 4617 contracta
623 4553 771 4631 netem,
791 4557 866 4620 sunt
891 4553 964 4620 Tem
986 4555 1023 4619 in
1045 4553 1081 4618 L
1096 4571 1170 4618 cum
1191 4551 1312 4617 duobus
1332 4549 1364 4632 ff
1378 4567 1441 4631 pro
1455 4569 1532 4630 roc,
1548 4559 1577 4615 et
1591 4551 1627 4614 in

253 4660 292 4725 L.
314 4658 336 4722 2
360 4678 437 4725 uere
460 4679 535 4725 cum
558 4662 701 4726 mcietcue
723 4679 773 4726 ree
792 4660 824 4744 li
841 4680 999 4726 commum
1020 4661 1133 4740 diud,
1154 4677 1235 4743 quoe
1256 4657 1335 4724 dicit
1355 4673 1420 4723 eme
1434 4657 1467 4721 in
1483 4656 1627 4724 terminia

253 4769 387 4836 Decium
409 4787 492 4834 cons.
514 4766 558 4833 37
581 4790 613 4835 o.
635 4766 656 4833 3
678 4768 728 4836 lib.
750 4768 790 4846 2,
813 4788 887 4838 curn
910 4769 1026 4852 quibus
1047 4769 1232 4850 concordat,
1258 4770 1331 4835 Tem
1354 4770 1389 4833 io
1406 4766 1442 4833 L.
1457 4786 1531 4832 cum
1546 4785 1625 4850 pro-

248 4896 372 4962 ponas,
394 4883 428 4946 et
449 4879 492 4943 rbi
517 4878 614 4945 Glore.
639 4877 653 4942 1
680 4888 708 4944 et
732 4879 823 4945 Burt
845 4899 877 4945 n.
903 4876 941 4958 l,
961 4887 990 4945 et
1013 4878 1104 4945 notu
1127 4899 1158 4944 n
1181 4927 1217 4943 ..
1242 4927 1251 4943 .
1273 4879 1338 4944 cod
1357 4894 1421 4960 pro
1442 4894 1506 4942 coc.
