3734 5750
559 284 615 352 DE
637 285 1026 363 Pnoculrtwninffl.
1047 293 1136 363 GAP.
1159 296 1273 367 CXXI.
1544 300 1609 370 667

301 453 353 519 57.
382 452 431 519 Vel
452 455 506 520 nli
528 473 624 536 snper
644 473 679 519 re
700 457 855 535 mandata
885 460 1039 526 mentor
1060 463 1128 529 ines
1161 467 1243 530 inter
1274 471 1484 539 nmndontont
1515 484 1542 538 et

434 567 575 630 ternum.

323 803 458 957 Visum
481 890 545 957 tuit
565 891 604 955 de
627 892 824 956 revocatione
848 892 988 958 mandati
1010 911 1158 976 expresso
1180 901 1214 961 et
1238 899 1351 978 moin,
1376 901 1545 970 resultante
1567 922 1609 969 ex

229 998 339 1080 aliquo
360 999 444 1065 iacto
477 999 652 1065 mandantis
685 999 733 1063 vel
762 998 967 1064 mandatarii:
991 1002 1147 1083 reliquum
1169 1009 1218 1070 est
1241 1010 1279 1070 ut
1302 1024 1359 1088 pro
1381 1010 1609 1091 complemento

232 1108 329 1190 hujus
351 1112 504 1177 tractatos
526 1108 989 1188 moenseavnusaliquotcasus,
1004 1111 1163 1191 inquibus
1184 1111 1300 1192 absque
1315 1111 1421 1194 aliquo
1442 1114 1525 1183 lacto
1545 1114 1605 1181 lno-

231 1218 339 1292 minis,
354 1217 537 1283 mandatum
558 1215 685 1297 expirat
706 1221 740 1281 et
761 1214 941 1279 resolvitur.

326 1322 354 1389 1.
375 1326 419 1391 Et
438 1325 542 1406 primo
565 1322 633 1387 loeo
654 1340 720 1391 sese
742 1321 837 1387 offert
859 1322 1035 1397 dubitatio,
1057 1342 1097 1388 aa
1128 1324 1312 1389 mandatum
1334 1327 1460 1408 expiret
1483 1327 1522 1392 ob
1544 1327 1609 1408 lap

233 1452 307 1498 sum
330 1432 497 1514 temporis:
520 1433 691 1514 proculus
714 1431 907 1497 resolutione
938 1438 1013 1499 sunt
1043 1434 1254 1500 considerandi
1278 1436 1343 1501 duo
1364 1455 1461 1503 mnus
1484 1439 1611 1504 Primus

233 1545 292 1617 est,
306 1538 429 1621 quando
452 1544 640 1621 procurator
662 1539 724 1604 tuit
745 1540 930 1622 simpliciter
952 1543 1161 1622 constitutus,
1175 1549 1209 1610 et
1233 1544 1264 1610 in
1281 1544 1364 1611 illios
1385 1547 1610 1613 constitutione

236 1647 314 1712 nihil
335 1646 396 1713 luit
419 1664 603 1730 expressum
625 1648 708 1713 eirca
732 1651 856 1730 tenpus
877 1664 943 1728 quo
965 1649 1147 1717 mandatum
1172 1651 1248 1716 illud
1280 1652 1395 1717 durare
1427 1652 1555 1727 (leben,
1578 1652 1610 1716 in

233 1773 301 1837 qno
322 1754 397 1820 lieet
421 1754 520 1821 Post
541 1755 579 1818 ‹lc
603 1754 706 1820 nnnc.
730 1772 813 1819 conc.
837 1752 879 1818 12
901 1758 959 1823 col.
983 1753 1000 1818 1
1025 1773 1057 1821 n.
1080 1804 1087 1817 .
1110 1804 1117 1821 .
1140 1805 1148 1821 .
1171 1758 1221 1823 tio.
1245 1755 1275 1838 1,
1297 1764 1402 1824 teneat
1423 1759 1507 1840 quod
1522 1777 1610 1824 man-

233 1863 347 1929 datum
368 1863 496 1946 expiret
518 1862 606 1946 lapsu
627 1861 843 1943 quadriennii,
864 1881 934 1945 aeq.
959 1863 995 1928 1.
1017 1868 1052 1928 in
1085 1865 1304 1947 confirmantia
1326 1866 1357 1948 ff
1375 1867 1411 1929 dc
1434 1866 1609 1947 confimat.

232 1980 332 2037 tutor.

324 2078 459 2145 Moto
484 2083 589 2145 nmen
612 2096 675 2145 cor.
699 2079 887 2149 notam.
917 2080 1007 2145 (tecta
1028 2077 1094 2144 219
1124 2096 1207 2162 quoe
1231 2088 1272 2142 cst
1295 2075 1337 2142 31
1360 2079 1397 2142 dc
1426 2079 1605 2142 renunciat.

234 2207 266 2251 n
292 2186 319 2267 l,
342 2187 470 2253 resolvit
492 2186 677 2251 mandatum
699 2204 761 2250 non
784 2186 917 2270 intelligi
941 2193 1121 2259 revocatum
1146 2188 1186 2251 ob
1209 2187 1360 2269 temporis
1382 2186 1513 2270 lapsum

322 2317 341 2356 s
366 2297 558 2361 Procurator
580 2294 676 2361 etiam
700 2311 757 2376 per
779 2293 864 2358 mille
886 2311 985 2361 annos
1014 2311 1076 2359 non
1098 2294 1314 2377 praesumitur
1337 2299 1519 2369 revocatus,
1543 2292 1608 2357 llo

233 2426 254 2465 ι
278 2419 419 2485 manen
438 2411 518 2484 pest.
542 2400 680 2467 Condat.
701 2401 744 2465 on
765 2409 874 2467 stotnt.
895 2401 1058 2483 Eopnlin.
1081 2401 1130 2465 tio.
1153 2397 1174 2461 2
1196 2400 1266 2466 rnl.
1288 2398 1309 2462 2
1333 2420 1365 2464 n.
1390 2396 1439 2463 15.

323 2536 340 2574 ι
365 2512 459 2593 Quod
473 2517 579 2578 nmen
594 2509 743 2594 intellige,
758 2510 816 2577 nisi
831 2509 934 2592 aliqua
951 2509 1155 2576 revocationis
1169 2527 1262 2575 causa
1282 2510 1511 2592 supervenerit,
1527 2509 1609 2574 idon

236 2647 255 2686 a
281 2624 471 2703 Romeqw.
492 2620 564 2685 t'bt'd.
586 2638 618 2683 n.
640 2616 691 2683 16.

324 2729 354 2795 3.
375 2729 458 2808 Quia
481 2729 590 2795 eodem
613 2728 756 2793 voluntas
778 2733 923 2795 censetur
947 2728 1064 2797 durare
1095 2745 1260 2811 quousque
1283 2728 1520 2794 demutatione
1544 2744 1607 2809 non

231 2844 401 2924 appareat,
422 2855 492 2921 cop.
514 2837 650 2919 maiores
671 2847 752 2904 οταν.
774 2837 811 2902 de
833 2837 961 2919 teptis,
986 2837 1021 2902 L
1045 2856 1117 2904 cnm
1138 2840 1196 2922 qni
1215 2838 1247 2921 ff
1266 2837 1303 2901 ‹le
1322 2837 1456 2920 proin,
1480 2838 1515 2904 Ι.
1540 2837 1609 2902 Ln-

231 2951 303 3014 cins
324 2950 360 3013 in
381 2950 436 3032 fin.
456 2947 488 3030 il
502 2949 540 3012 de
563 2949 618 3029 leq,
640 2943 670 3011 2
922 3017 924 3026 ,

320 3050 351 3120 l.
374 3055 416 3122 Et
439 3055 624 3121 mandatum
647 3055 862 3137 praesumitur
883 3053 1011 3133 durare,
1032 3054 1090 3121 nisi
1114 3055 1265 3119 doceatur
1288 3054 1327 3120 de
1344 3054 1552 3136 revocatione¹
1573 3057 1609 3117 ut

230 3161 355 3227 mum
378 3162 440 3227 iuit
455 3180 549 3244 supra
565 3180 633 3243 cop.
650 3159 910 3228 cxvreoocano
932 3163 1079 3228 manant
1102 3179 1147 3225 on
1171 3166 1212 3227 n't
1235 3162 1429 3242 intimando,
1444 3164 1479 3244 in
1493 3165 1608 3246 princ,

229 3275 361 3336 etcum
384 3270 450 3336 naor
466 3272 612 3354 opiniorn
634 3270 760 3335 videtur
781 3272 926 3349 tramine,
944 3270 1124 3336 cassiodor.
1147 3270 1236 3342 docte
1262 3268 1278 3332 1
1300 3271 1339 3335 de
1362 3272 1542 3336 venncnint.

323 3377 353 3444 5.
375 3380 484 3460 Neque
507 3379 611 3444 obstat
633 3388 695 3444 tec.
718 3382 753 3444 in
775 3381 804 3444 n
829 3380 862 3443 L.
887 3381 921 3443 in
954 3379 1200 3463 confirmando,
1223 3380 1298 3460 quia
1320 3379 1464 3460 loquitur
1485 3380 1609 3461 quando

233 3490 317 3554 ultre
339 3489 461 3570 lapsum
485 3488 635 3571 temporis
657 3488 827 3570 apparebat
849 3487 889 3551 de
912 3487 1086 3552 nutatione
1109 3486 1281 3576 voluntatis
1304 3488 1402 3572 ipsius
1424 3487 1547 3553 tutoris

320 3593 351 3660 6.
373 3596 534 3662 &condus
548 3615 637 3661 casus
652 3601 716 3673 eat,
731 3595 857 3678 quando
873 3595 1056 3680 mandatnm
1080 3595 1143 3661 fuit
1163 3596 1285 3662 iactum
1306 3595 1499 3660 duraturum
1514 3594 1607 3660 (lum-

233 3711 323 3772 taxat
337 3709 425 3770 certo
439 3721 588 3786 expresso
601 3710 636 3769 et
650 3704 790 3785 praefixo
805 3709 966 3786 ternpore,
981 3708 1079 3786 prout
1094 3708 1333 3786 procuratorem
1357 3701 1503 3765 constitui
1519 3716 1608 3782 poose

232 3814 370 3878 affirmat
396 3810 520 3893 Spectat.
542 3813 578 3875 in
600 3812 647 3875 tit.
669 3812 705 3874 de
725 3819 889 3893 proceret
910 3808 934 3896 S
958 3809 976 3872 1
1000 3831 1032 3874 n,
1057 3807 1106 3874 13.

323 3918 354 3982 7.
377 3920 420 3984 Et
434 3919 468 3984 in
482 3918 544 3984 hoc
557 3922 605 3986 est
625 3917 840 3984 constituenda
862 3918 1020 3983 muciusio
1040 3918 1237 3997 affirmativa,
1251 3918 1337 3999 quod
1360 3917 1444 3999 lapso
1468 3921 1609 3998 tempore

232 4029 270 4094 ad
294 4026 380 4108 quod
402 4027 464 4092 init
485 4027 604 4094 iactum
627 4026 821 4103 mandatum,
844 4026 920 4091 illud
943 4027 1069 4108 expiret
1092 4032 1125 4091 et
1148 4025 1339 4118 resolvatur,
1364 4023 1455 4087 Bora.
1477 4025 1513 4086 in
1536 4017 1606 4085 Ι.1

230 4133 330 4221 §tin
348 4154 384 4200 n.
414 4129 437 4197 lt
456 4134 488 4216 ff
504 4135 542 4204 <le
562 4145 748 4214 procurat,
772 4135 868 4200 Pnot.
890 4136 926 4198 dc
952 4132 1153 4200 Cannaene
1170 4130 1234 4198 101
1251 4153 1282 4202 n.
1298 4131 1320 4195 2
1336 4133 1385 4197 til.
1403 4129 1433 4209 1,
1453 4130 1607 4197 llininol.

226 4245 301 4326 pion.
322 4262 405 4308 conc
425 4242 467 4305 71
493 4262 525 4308 n.
551 4239 591 4305 13
614 4243 662 4308 lii.
688 4242 717 4321 1,
743 4244 847 4309 Potio.
870 4261 953 4308 cont.
976 4240 1020 4308 91
1043 4262 1076 4307 n.
1096 4240 1118 4307 8
1140 4243 1189 4308 tio.
1214 4241 1260 4320 1‚.
1282 4242 1372 4338 Vont.
1394 4242 1431 4304 de
1452 4240 1556 4304 nollit.
1571 4241 1607 4302 in

233 4360 324 4418 tract.
346 4351 383 4415 tie
405 4351 573 4416 nullitate
594 4352 702 4434 defeat.
725 4352 881 4416 innobilit.
903 4369 936 4414 n.
968 4351 1032 4415 175
1052 4360 1122 4432 post
1142 4352 1248 4433 princ.
1269 4368 1350 4414 vern
1371 4349 1426 4413 nbi
1448 4348 1608 4431 loquitur,

236 4456 371 4526 Parion
393 4459 433 4522 de
452 4460 571 4540 prolot.
593 4459 641 4523 lio.
666 4458 682 4521 1
707 4479 775 4543 cop.
798 4457 842 4523 32
866 4480 897 4524 n.
921 4457 982 4540 12,
1004 4459 1146 4524 Menoci.
1177 4477 1260 4524 oona.
1290 4455 1357 4524 aaa
1377 4477 1412 4544 ,n-
1435 4456 1456 4519 5
1480 4465 1507 4520 ct
1530 4474 1607 4542 seqq.

232 4567 283 4631 tii.
305 4566 337 4647 5,
358 4567 506 4634 mortu.
529 4569 619 4644 decis
645 4566 708 4632 150
730 4589 762 4634 n.
786 4564 837 4648 17,
861 4567 993 4650 Montio.
1016 4567 1052 4632 de
1075 4569 1160 4633 tecit.
1175 4565 1274 4658 11117Ι
1287 4563 1433 4650 v,c,t1p.,22
1455 4583 1486 4629 n.
1510 4561 1553 4646 29
1576 4572 1603 4625 et

229 4691 302 4755 aeq„
327 4673 396 4739 nov.
419 4693 481 4740 eor.
505 4673 772 4741 Coruncanio.
795 4672 861 4739 488
884 4695 915 4738 n.
939 4673 960 4740 2
983 4685 1011 4741 et
1034 4673 1063 4740 3.
1096 4753 1101 4768 ¹
1130 4723 1135 4734 .
1225 4731 1242 4768 a
1587 4727 1590 4738 .

321 4779 352 4845 a
373 4784 452 4850 Nara
475 4801 615 4849 conceoea
638 4784 677 4848 ad
700 4789 825 4867 tempus
846 4788 923 4874 post
937 4784 1013 4852 illud
1036 4782 1401 4880 censentprdprohibita,
1425 4780 1458 4844 1..
1466 4781 1502 4870 ,εξ
1516 4797 1604 4844 nnnc
