3734 5750
552 332 607 400 DE
630 331 1017 401 onocuflownlotts.
1039 335 1128 401 GAP.
1151 334 1262 402 CXVI.
1519 338 1584 405 623

282 507 332 572 16.
358 507 394 573 Si
416 505 623 587 procuratori
645 504 680 565 in
703 505 933 582 instrumento,
963 505 1068 567 eodem
1098 505 1280 585 vitipatione
1312 508 1447 582 totiaco,
1480 513 1519 573 eit

411 616 538 697 [omum
559 612 750 675 mandatum
774 611 817 672 od
847 610 1058 693 confitendum
1087 612 1243 690 deditum,
1266 615 1348 677 itiud
1378 619 1519 680 revocon·

410 740 478 786 non
497 730 597 801 potest
620 737 717 801 neque
741 734 762 780 a
784 718 915 782 domino
938 736 1038 800 neqve
1061 720 1100 782 ab
1122 719 1209 784 iilius
1231 721 1421 785 inmodicae

282 830 331 897 16.
358 830 622 913 Ratiooffertur.
1040 886 1043 890 .

280 939 330 1005 17.
356 939 511 1005 Revocari
536 938 660 1018 pariter
691 953 757 999 non
786 942 884 1014 potest
915 934 1124 1009 mandatum,
1148 933 1275 1016 quando
1307 953 1354 996 ros
1385 954 1450 998 non
1475 944 1516 997 est

413 1049 544 1127 inteqra
600 1105 604 1111 .

281 1154 332 1219 18.
358 1153 495 1233 Qtondo
519 1168 566 1215 rev
587 1152 713 1232 inteqra
735 1150 874 1215 dicatur.

281 1261 330 1327 19.
356 1262 556 1327 Procurator
571 1261 763 1324 constitutus
777 1259 821 1323 ad
836 1260 1064 1341 reeiqnondvm
1080 1258 1261 1342 beneficium
1277 1263 1518 1325 ecotostosticvm

411 1386 476 1432 non
498 1376 597 1449 poteet
621 1368 765 1431 revocari
783 1377 955 1450 postquam
975 1370 1135 1450 praestitit
1154 1387 1350 1434 consensum
1380 1371 1519 1451 resupnu-

408 1477 491 1541 tioni
514 1483 542 1539 et
565 1476 617 1539 iite
638 1476 706 1556 [uit
729 1483 885 1541 emeneun

278 1582 329 1647 29.
354 1583 544 1647 Mandatum
567 1583 609 1646 ad
633 1583 702 1647 titee
725 1584 915 1664 requtoriter
946 1594 1021 1651 ante
1051 1586 1114 1651 iitir
1144 1589 1398 1653 contestationem
1429 1598 1455 1651 et
1485 1606 1518 1650 re

410 1695 536 1774 inteqra
557 1700 657 1773 poteet
677 1695 829 1757 revocari.

277 1800 327 1864 21.
353 1797 449 1865 Socue
471 1800 526 1864 udi
546 1816 603 1881 per
625 1800 689 1863 titio
711 1802 967 1866 contestationem
984 1821 1033 1868 rer
1047 1804 1135 1869 deeiit
1157 1822 1219 1868 esee
1242 1807 1365 1887 inteqro
1388 1816 1414 1869 et
1435 1825 1513 1886 pro-

409 1906 539 1971 curator
557 1909 622 1990 [uit
646 1906 772 1989 effectus
795 1911 946 1975 dominus
969 1912 1041 1976 titio.

276 2014 327 2079 22
351 2016 394 2080 Et
417 2018 518 2080 mutto
540 2018 650 2082 minus
671 2028 740 2096 pon
763 2020 951 2085 conetueum
973 2023 1009 2084 in
1036 2039 1144 2086 cauea

276 2119 438 2187 2311261
458 2126 597 2203 procedit
629 2127 666 2191 in
689 2126 874 2204 euodituto,
905 2129 969 2192 niei
998 2130 1035 2193 in
1065 2131 1218 2195 mandato
1249 2131 1450 2196 subditumti
1479 2135 1518 2194 eit

408 2232 484 2296 dota
507 2251 657 2313 enpreeva
680 2234 822 2316 [ocultae
846 2238 1016 2301 revocandi
1037 2237 1249 2302 substitutum

277 2337 327 2406 26.
351 2343 526 2408 Limitotur
545 2345 711 2424 praedicta
734 2345 893 2409 coneturio
914 2346 970 2410 uoi
992 2346 1078 2412 adem
1095 2348 1196 2425 juata
1226 2366 1326 2412 cauea
1352 2348 1519 2411 revocandi

407 2462 659 2533 procuratorem.

274 2559 326 2624 25.
352 2560 526 2639 maenam
548 2563 613 2626 rint
630 2562 737 2641 juttae
759 2563 897 2626 cautae?

274 2666 326 2732 26.
351 2665 388 2734 si·
410 2684 513 2734 cauea
546 2687 613 2732 non
636 2669 676 2735 tit
699 2670 735 2731 in
752 2668 829 2748 pure
860 2687 1029 2752 expected,
1051 2688 1097 2735 on
1120 2672 1160 2735 vit
1177 2671 1268 2751 iusta
1286 2670 1407 2751 judicic
1430 2668 1518 2733 orii·

407 2777 468 2839 trio
492 2777 695 2859 relinquitur.

275 2882 327 2948 27.
349 2882 458 2949 tndtci
479 2885 633 2968 quomodo
656 2887 696 2950 eit
718 2886 957 2952 arbitrandum.

275 2987 327 3055 28.
348 2987 444 3057 lueto
466 3011 541 3059 vero
562 2995 658 3058 otiam
682 2995 843 3071 evomente
866 3014 967 3063 cauta
987 3009 1056 3080 poet
1080 3002 1163 3064 raon
1186 3009 1392 3064 contestatam
1415 3001 1459 3064 ad
1481 3002 1519 3064 it-

406 3101 468 3166 iius
492 3105 722 3167 revocationem
752 3107 976 3183 procuratoris
1007 3106 1177 3172 revocandi
1207 3124 1378 3172 convenius
1409 3109 1514 3189 requi-

406 3213 503 3276 citur.

274 3316 326 3383 29.
349 3318 485 3400 Ideoque
507 3319 591 3385 deon
615 3323 720 3386 citari.

274 3422 327 3489 39.
351 3425 407 3491 tlte·
435 3437 632 3508 procurator
664 3432 860 3494 revocationi
880 3447 912 3495 ee
935 3432 1084 3513 opponit,
1115 3432 1257 3496 adtiiieri
1288 3429 1371 3494 dotet
1403 3448 1518 3494 caueae

409 3538 553 3618 eoqnitio.
599 3556 603 3567 ·

275 3639 327 3706 31.
352 3642 422 3709 Non
445 3654 617 3709 esttamen
641 3663 762 3712 nmerte
785 3658 822 3713 ut
846 3651 1053 3729 exprimatur
1084 3665 1183 3712 cauea
1215 3648 1443 3722 revocationis,
1466 3647 1518 3713 ned

408 3754 521 3836 suffieit
542 3754 627 3837 quod
648 3755 796 3819 dominae
814 3757 903 3837 iuret
927 3758 964 3821 de
987 3759 1161 3821 calumnia.
1460 3833 1464 3839 ¹

274 3860 327 3927 32
352 3863 511 3927 Prodente
535 3861 660 3942 judicio
690 3881 786 3944 cuper
811 3862 941 3944 iuditio
972 3864 1156 3946 nnjoenodt
1187 3881 1302 3928 caueae
1323 3871 1517 3943 procurtuor

409 3970 542 4035 iubetur
560 3989 622 4053 pro
646 3981 797 4052 mepecto.

274 4074 326 4143 33.
351 4079 394 4144 Et
412 4078 574 4159 iudicium
597 4098 671 4144 eum
693 4099 727 4145 eo
749 4091 892 4161 coeptum
914 4083 997 4147 dedet
1020 4098 1150 4146 vereare.

274 4184 325 4254 36.
350 4186 387 4254 Si
407 4207 480 4253 vero
498 4199 695 4271 procurator
725 4193 917 4256 revocationi
948 4191 1143 4264 consentiat,
1168 4209 1233 4253 non
1263 4198 1306 4253 eet
1339 4187 1515 4250 decretorio

407 4313 523 4360 musae
545 4299 690 4379 eoqnitio.

275 4397 327 4465 35.
354 4402 461 4481 (tuere
485 4405 570 4469 dicta
593 4408 726 4487 coquitio
749 4409 951 4489 requiratur,
974 4409 1002 4471 ri
1021 4416 1214 4489 procurator
1238 4425 1270 4473 ee
1293 4417 1441 4488 opponm.

273 4506 324 4573 36.
349 4510 512 4589 Quaelibet
535 4529 653 4592 cauea,
676 4516 743 4578 ticet
766 4515 882 4594 toevte,
904 4515 1015 4597 sufficit
1038 4515 1217 4579 addictam
1242 4514 1477 4577 revocationem.

272 4612 324 4681 37.
347 4619 529 4685 Dummodo
548 4638 607 4702 per
623 4620 763 4701 judicem
785 4624 824 4688 eit
846 4623 1008 4688 declarata
1030 4626 1192 4708 sufficione.

274 4721 325 4790 38.
348 4725 399 4792 Ad
426 4731 624 4810 praedictam
656 4733 790 4814 incuper
823 4735 1051 4797 revocationem
1082 4733 1262 4815 requiritur
1294 4732 1389 4796 erton
1412 4733 1516 4813 partia

405 4853 574 4903 eonmneuo
594 4847 663 4920 poet
684 4839 775 4904 titem
800 4849 1016 4906 contestatam.
