3734 5750
331 311 397 380 oni
762 308 961 378 Lumvicl
983 308 1106 376 unrici
1128 309 1272 377 TRAG'i'.

398 480 449 547 32.
475 479 520 545 Ot
543 482 787 564 ratificationem
809 482 951 564 sepnitsor
972 481 1122 544 antidotia
1143 489 1236 544 ectus
1256 480 1357 556 notit,
1390 489 1418 544 et
1441 492 1529 547 onus
1552 485 1630 549 solet

531 598 571 652 nt
590 606 630 652 ex
652 607 750 653 nnnc.

397 696 449 763 33.
474 697 614 775 Contra,
637 698 692 763 nbi
714 698 890 780 aliqnando
911 698 1058 761 intuerit
1082 706 1201 761 natum
1224 698 1403 760 redditoris

398 805 449 872 36.
474 806 591 889 Opinio
612 808 709 874 Sardi
729 806 821 871 deeie
844 804 910 869 215
931 825 961 871 n.
982 806 1003 869 7
1029 809 1182 870 sdicitur.

398 913 449 977 35.
476 914 652 995 Rotifiootio
684 918 808 979 nuttam
840 916 984 979 similiter
1014 917 1077 979 niro
1107 915 1196 979 soso
1233 918 1351 997 quoties
1380 919 1469 998 ripor
1506 929 1532 981 et
1571 936 1637 981 noo

531 1024 674 1104 nepotes
696 1026 819 1087 amauri
840 1022 932 1087 dedet.

399 1126 450 1193 36.
477 1128 587 1194 &tum
610 1132 694 1194 onim
716 1148 775 1211 per
795 1132 952 1213 6666666
974 1135 1208 1214 oeptiporotur
1229 1133 1392 1198 moneto.

422 1567 451 1633 1.
474 1482 654 1651 Expressa
676 1568 845 1634 ratitimtio
868 1568 905 1632 iit
926 1567 1053 1648 quondo
1073 1567 1230 1651 expressis
1261 1567 1363 1633 serbis
1382 1566 1596 1649 exprimitur,
1618 1570 1704 1647 pota,

331 1676 355 1741 si
380 1676 536 1758 pendente
556 1676 675 1759 judicio
697 1678 781 1741 inter
803 1674 944 1742 Herium
967 1682 1002 1741 et
1023 1676 1162 1756 Titium,
1184 1682 1339 1743 assertum
1360 1679 1601 1758 procuratorem
1616 1673 1704 1739 Sem·

332 1787 445 1869 pionii,
467 1785 668 1867 superveniat
697 1785 881 1850 mandatum
910 1784 1088 1866 Sempronii
1110 1783 1142 1848 ir
1164 1800 1329 1866 personam
1351 1782 1428 1848 Titii
1458 1800 1534 1848 cum
1558 1798 1700 1862 expressa

333 1892 540 1958 ratiiioatione
562 1896 723 1975 gestorum
747 1909 803 1974 per
827 1893 930 1974 ipsum
954 1892 1075 1957 Titium
1099 1894 1129 1956 in
1152 1892 1235 1958 dieta
1259 1893 1316 1957 lita
1337 1898 1370 1957 et
1384 1910 1497 1971 eausa,
1514 1891 1550 1954 L.
1568 1890 1699 1966 Pontus,

335 2003 368 2067 L.
391 2018 464 2065 oum
494 2001 603 2065 minor
625 1998 649 2085 S
669 1998 750 2081 sin,
773 2002 808 2065 L.
832 1999 988 2064 Jniinnus
1006 2000 1035 2083 ff
1055 2018 1131 2064 rem.
1154 2010 1216 2066 rot
1246 2001 1359 2078 inber„
1381 1998 1488 2075 Geor,
1510 1999 1567 2078 qui
1588 1997 1699 2061 multos

332 2110 454 2192 allegat,
468 2110 504 2173 in
520 2110 565 2173 nt.
589 2108 625 2171 de
641 2108 741 2188 judio.
756 2111 893 2174 conotus.
909 2106 930 2171 3
946 2128 977 2174 n.
995 2106 1047 2189 16,
1061 2110 1204 2174 Meroen.
1218 2110 1257 2174 dr
1271 2126 1378 2191 recep.
1391 2126 1521 2191 porsesa.
1535 2108 1645 2171 romeu
1660 2105 1698 2168 15

334 2237 366 2283 n.
391 2213 455 2279 112
478 2226 504 2279 et
528 2235 587 2299 seq.

422 2345 440 2383 a
463 2324 521 2389 Est
541 2323 723 2399 notandum,
737 2324 823 2404 quod
843 2325 871 2390 si
894 2326 926 2389 in
949 2326 1054 2407 aliquo
1076 2329 1288 2393 instrumento
1310 2327 1414 2408 aliqua
1434 2328 1595 2409 scriptura
1611 2322 1701 2387 inerit

333 2455 351 2494 ι
376 2434 501 2509 inserta,
524 2431 571 2495 vei
593 2436 686 2497 tenor
707 2432 841 2516 aiicujus
861 2433 1000 2516 apochae
1021 2434 1061 2499 de
1082 2436 1177 2499 verbo
1199 2434 1239 2499 ad
1262 2436 1391 2499 indum
1414 2435 1511 2500 inerit
1535 2432 1703 2497 recensitus

334 2564 351 2603 α
376 2543 431 2607 nbi
448 2542 626 2624 principalis
649 2542 851 2607 ratitieaverit
866 2549 899 2607 et
913 2545 1133 2626 approbaverit
1147 2545 1252 2609 omnia
1269 2544 1301 2608 in
1316 2544 1529 2608 instrumento
1544 2540 1700 2611 materia,

334 2671 352 2710 ι
377 2648 489 2730 ntique
504 2648 671 2714 ratificatio
685 2651 912 2732 eiapprobotio
925 2651 1150 2733 complectitur
1164 2653 1261 2717 etiam
1276 2652 1427 2735 apocham
1442 2668 1498 2716 seu
1513 2650 1701 2730 scripturam

334 2782 352 2820 a
378 2759 409 2823 in
432 2759 543 2824 eodem
566 2759 776 2824 instrumento
797 2763 998 2840 contentam,
1022 2759 1092 2825 Rot.
1112 2761 1149 2823 io
1171 2761 1318 2825 Mentire.
1339 2760 1383 2824 od
1407 2758 1503 2825 Cerei
1518 2758 1556 2819 dr
1571 2758 1651 2822 Luc.
1670 2756 1702 2818 de

336 2892 354 2932 a
378 2869 484 2934 credit.
505 2879 535 2932 et
556 2868 644 2934 debit.
668 2867 717 2932 tio.
739 2863 760 2930 8
783 2867 874 2934 decis.
895 2862 942 2930 36
961 2887 993 2932 n.
1020 2866 1060 2931 17
1083 2880 1157 2934 tom.
1181 2866 1211 2934 3.

422 2976 452 3042 2.
473 2977 562 3043 Circa
586 2976 665 3040 hanc
688 2977 906 3042 ratificationis
924 2978 1059 3058 mnam
1081 2978 1121 3042 de
1143 2978 1267 3042 dnobus
1285 2982 1333 3042 est
1362 2976 1540 3060 agendum,
1563 2972 1701 3038 videlicet

332 3088 372 3152 da
387 3087 471 3151 iilius
491 3085 663 3160 affectibus,
686 3086 716 3149 in
739 3087 895 3168 praesenti
918 3087 1031 3168 eapite,
1054 3093 1088 3151 et
1109 3103 1191 3168 quae
1213 3086 1418 3167 requirantur
1441 3083 1480 3146 ad
1503 3080 1652 3145 affectum
1667 3081 1701 3139 ut

332 3195 416 3260 dicta
440 3194 607 3259 ratidmtio
630 3193 754 3272 rotaret,
779 3195 810 3258 in
832 3196 976 3275 sequenti
997 3196 1145 3277 eapitnio.

356 3379 361 3390 ,
421 3303 450 3368 3.
474 3305 600 3369 Primus
623 3304 731 3384 itaquo
751 3303 881 3369 enmono
904 3308 971 3383 est,
994 3310 1032 3370 ut
1059 3305 1228 3369 ratificatio
1250 3320 1382 3384 seques
1404 3299 1578 3366 mnsaiidet
1600 3301 1701 3361 acturo

334 3417 422 3477 retro
444 3418 587 3494 gestum,
610 3410 682 3475 lieet
712 3416 794 3477 esset
825 3417 934 3496 gestus
963 3412 1111 3489 aniliter,
1145 3413 1181 3477 L.
1203 3397 1256 3495 66.
1279 3414 1343 3475 eod
1365 3413 1409 3475 ad
1429 3408 1616 3481 Macedon,
1640 3421 1702 3484 cop.

334 3520 589 3587 ratihabitionem
619 3520 657 3583 de
688 3522 786 3602 repet.
812 3520 883 3602 jur.
904 3523 941 3584 in
963 3519 1002 3601 6,
1025 3522 1115 3586 Aion.
1147 3539 1232 3587 cons.
1268 3519 1331 3584 117
1354 3539 1385 3585 n.
1417 3517 1440 3580 2
1469 3518 1519 3583 lib.
1542 3517 1581 3592 5,
1616 3511 1704 3593 Cepit

331 3644 415 3692 roos.
437 3623 478 3690 61
503 3643 534 3689 o.
557 3622 601 3690 id
624 3626 673 3691 tn.
699 3625 735 3706 1,
760 3628 839 3711 Anp.
871 3628 956 3694 oro.
988 3649 1072 3695 cone
1107 3627 1172 3693 136
1193 3629 1268 3695 nti
1299 3647 1377 3695 ears.
1408 3627 1547 3692 mnodo
1578 3624 1702 3704 species,

244 3749 246 3753 ·
335 3730 852 3816 somersettensium,
879 3735 977 3803 sero.
1008 3738 1098 3803 decis.
1130 3736 1197 3804 tid
1228 3759 1259 3803 n.
1283 3787 1290 3803 .
1314 3787 1322 3802 .
1344 3787 1354 3816 ,
1377 3735 1517 3800 Hordeo,
1550 3749 1636 3796 cons
1663 3722 1703 3790 38

336 3861 368 3907 n.
390 3839 412 3905 6
435 3852 463 3908 et
487 3860 566 3926 seqq.
587 3844 637 3910 uo.
665 3842 692 3908 1.
1087 3883 1089 3886 v

422 3944 452 4015 d.
474 3950 548 4029 Quo
566 3958 676 4017 autam
699 3954 739 4018 ad
762 3954 1040 4022 oomaiidntionem
1063 3963 1154 4024 aetus
1175 3958 1305 4023 nuditer
1327 3958 1426 4041 gesti,
1448 3956 1508 4021 hoo
1531 3952 1702 4035 intringer-

334 4057 410 4123 dum
433 4065 490 4134 nt,
506 4064 545 4124 ut
559 4061 660 4126 valeat
680 4079 743 4126 non
765 4069 803 4128 nt
823 4077 863 4128 er
887 4069 964 4130 tuno
987 4071 1129 4150 tempore
1152 4083 1215 4149 quo
1232 4070 1424 4152 geemstuit,
1444 4068 1498 4133 sed
1514 4071 1553 4131 ut
1568 4083 1606 4129 er
1622 4078 1700 4126 nunc

336 4174 479 4251 tempora
507 4169 741 4251 ratificationis,
764 4167 902 4237 Hondrd.
924 4175 953 4237 d.
974 4191 1057 4240 oona.
1089 4172 1132 4240 66
1164 4194 1196 4240 o.
1227 4174 1288 4251 22,
1323 4176 1500 4241 Simonooti.
1530 4175 1569 4238 de
1596 4173 1702 4236 donet

336 4278 386 4341 iii.
410 4274 430 4340 3
452 4281 498 4343 tit.
521 4277 542 4342 9
565 4297 596 4343 n.
623 4275 682 4354 18,
709 4280 794 4346 Patr.
820 4281 938 4348 Codall.
959 4301 1043 4348 oona.
1067 4281 1131 4347 itt
1152 4303 1184 4348 n
1207 4282 1251 4347 66
1273 4283 1323 4349 tut.
1349 4281 1376 4347 1.

427 4409 443 4445 o
469 4387 651 4453 lintiiiestio
673 4394 763 4455 actus
786 4391 922 4468 invalidi,
946 4392 1023 4458 nihii
1044 4391 1127 4457 aliud
1152 4400 1201 4458 eet
1223 4411 1319 4476 quom
1336 4409 1435 4457 novus
1448 4397 1550 4469 actus,
1568 4389 1706 4453 Itonos.

342 4518 358 4555 r
384 4497 473 4561 dorin
499 4495 561 4560 166
582 4517 615 4562 n.
640 4488 682 4562 13
702 4516 773 4580 por.
799 4498 826 4564 1.

426 4627 443 4666 α
469 4605 559 4672 Unde
582 4609 613 4671 in
637 4609 845 4675 ratificatione
866 4618 959 4677 actus
979 4612 1054 4677 nutii
1077 4612 1293 4678 consideratur
1317 4618 1441 4695 tempus
1473 4607 1708 4681 mtiiicutionis,

338 4735 355 4774 s
384 4713 524 4777 i'ironrot.
548 4715 618 4780 ibid.
641 4735 672 4780 n.
698 4711 747 4781 lt.
