3734 5750
527 410 583 477 DE
606 408 995 481 PROCURATORIBUS.
1017 415 1106 481 CAP.
1130 416 1230 484 an.
1502 420 1568 486 229

198 583 295 650 alicui
315 584 351 646 iu
372 582 443 663 fin,
463 584 497 644 et
518 580 562 644 ini
587 580 679 645 Burt.
701 598 732 644 n
754 575 778 643 lt
797 582 828 665 ff
846 583 883 646 de
904 599 1010 665 nepae.
1031 592 1121 665 pue,
1144 584 1227 651 idem
1252 587 1400 653 Berlin
1424 589 1459 653 L.
1481 608 1567 655 eauc-

198 694 264 758 len
286 692 322 755 in
350 689 455 770 princ.
485 707 518 752 u.
547 687 588 764 8,
611 694 644 754 et
667 689 709 754 ibi
743 688 791 755 lo.
824 690 1054 772 Roneleqollus
1085 712 1117 757 n.
1148 691 1213 757 239
1236 704 1264 760 et
1286 696 1381 778 iufra
1405 699 1570 779 usquead

198 818 285 866 num
307 794 374 864 We
393 799 423 882 ff
440 799 477 863 de
498 798 619 863 duobus
641 800 722 874 reis,
748 797 831 863 Aret.
854 817 937 863 cous.
959 796 1002 862 66
1024 820 1055 863 u.
1079 799 1100 862 ὃ
1122 801 1279 882 quidquid
1301 802 1497 867 contrariam
1512 802 1567 867 dc-

198 909 322 975 fondere
343 913 477 973 conetur
503 907 608 972 litum.
633 908 770 973 Doccius
790 926 874 973 cons.
899 906 940 970 17
965 927 996 971 n.
1020 906 1040 970 5
1063 917 1091 972 et
1113 928 1191 992 seqq.

658 1118 900 1189 CAPUT
951 1119 1106 1188 xnus.

331 1340 614 1413 PROGURA'POR
637 1342 696 1406 nl)
718 1341 837 1408 Liras
860 1343 917 1406 AN
940 1342 1165 1409 TENEATUR
1187 1341 1437 1408 APPELLARE

543 1451 597 1516 ET
620 1449 981 1516 APPELLATIONEM
1008 1447 1224 1526 Pnosaour.

722 1683 1046 1733 summissum

289 1888 316 1952 1.
341 1888 541 1952 Procurator
562 1887 606 1950 aa
627 1887 694 1949 lites
715 1887 878 1967 appellare
900 1894 1034 1951 teuuur.

286 1994 316 2061 2
340 1996 517 2078 Appellatio
538 1995 699 2076 interponi
719 1994 801 2058 delet
826 2011 934 2059 coram
953 1995 1061 2075 jndice
1091 2012 1201 2058 corum
1223 2012 1285 2076 quo
1315 1995 1380 2077 suit
1404 2008 1503 2055 ocum

400 2105 531 2185 opilata

290 2207 319 2275 a
342 2211 471 2274 Dicitur
492 2211 528 2274 ae
551 2211 747 2291 appendiciis
767 2213 891 2291 primae
913 2229 1040 2277 causac.

289 2313 320 2380 ll.
344 2316 386 2380 In
406 2320 624 2399 prosecutione
644 2317 782 2399 ejusdcm
806 2335 921 2383 consae
943 2328 1068 2385 tenetur
1090 2324 1258 2404 appellare.

288 2424 317 2489 5.
343 2425 542 2492 Procurator
563 2428 724 2509 appellare
747 2436 979 2501 contemtus,
1004 2430 1032 2493 si
1047 2428 1132 2508 iuste
1154 2431 1345 2495 succumbat.

288 2533 318 2600 6.
343 2536 385 2600 In
401 2536 494 2600 dubio
508 2554 630 2617 semper
643 2537 863 2618 praesumitur
877 2538 924 2600 ita
940 2537 1158 2616 succinuisse,
1173 2556 1246 2602 cum
1259 2556 1321 2619 pro
1337 2537 1507 2601 sententiae

393 2645 522 2725 jusiitia
541 2654 784 2726 praesumatur.

289 2753 319 2818 7.
345 2751 499 2818 Similiter
520 2754 698 2836 aliquando
727 2753 889 2835 appellare
911 2774 977 2818 non
997 2764 1097 2836 polest
1121 2756 1244 2819 etiamsi
1272 2754 1310 2818 sit
1333 2752 1508 2835 specialiter

404 2865 594 2929 constitutus
616 2863 660 2927 aa
681 2861 917 2945 appellandum.

291 2967 320 3033 8.
345 2970 544 3035 Procurator
554 2972 738 3053 simpliciter
753 2973 943 3037 constitutus
958 2972 1001 3035 ad
1016 2972 1085 3037 lites
1099 2982 1127 3035 et
1144 2988 1258 3036 causas
1267 2972 1509 3052 appellationem

402 3082 552 3163 prosequi
574 3098 640 3144 non
664 3089 798 3146 tenetur.

291 3183 321 3250 9.
344 3184 573 3268 Appellationis
579 3189 785 3270 prosequutio
800 3207 866 3253 non
882 3197 926 3254 est
941 3191 978 3253 ele
992 3190 1187 3271 appendiciis
1192 3190 1318 3270 primae
1328 3188 1509 3264 instantior,

403 3314 477 3361 cum
497 3298 553 3380 fiat
574 3313 684 3361 coram
706 3297 826 3362 diuerso
843 3298 962 3378 J'uaice.

271 3403 322 3468 10.
348 3404 484 3469 Tenetur
506 3423 579 3469 vero
609 3405 853 3487 appellationem
883 3408 1050 3489 prosequi,
1074 3407 1202 3489 quando
1225 3408 1260 3469 in
1285 3403 1509 3486 appellationis

403 3529 503 3578 consa
525 3514 591 3595 suit
613 3513 781 3578 admissus.

271 3617 322 3684 11.
352 3620 402 3683 Vel
423 3621 551 3703 quanelo
572 3623 742 3703 appellatio
770 3624 954 3705 interposito
976 3627 1042 3708 suit
1065 3643 1086 3688 o
1107 3626 1227 3689 decreto
1249 3642 1304 3688 seu
1323 3620 1510 3704 pronuncia

402 3730 649 3796 interlocutoria.

271 3832 322 3899 12
344 3835 414 3901 Nisi
434 3839 655 3921 appellationis
677 3843 834 3906 instantio
856 3851 929 3906 esset
952 3843 1123 3907 tractando
1145 3846 1180 3906 in
1203 3844 1270 3907 loeo
1293 3849 1420 3905 remoto.

278 3940 328 4009 13
353 3945 553 4013 Procurator
582 3950 768 4030 qeneraliter
795 3952 984 4015 constitutus
1004 3952 1047 4015 ael
1067 3968 1175 4016 omnes
1198 3967 1313 4014 caucos
1332 3952 1511 4028 praesentes

406 4066 434 4120 et
450 4060 584 4140 suturas
598 4077 664 4123 uon
681 4061 784 4123 solum
799 4058 882 4123 acles
897 4060 1077 4141 appellare,
1092 4061 1143 4124 sul
1158 4061 1252 4123 aiam
1268 4056 1510 4138 appellationem

404 4169 562 4250 prosequi.

273 4268 326 4339 sl.
351 4275 441 4339 Ielcm
462 4276 600 4357 procedit
621 4279 658 4341 in
680 4287 888 4359 procuratore
912 4296 986 4341 crim
1008 4279 1105 4342 simili
1125 4283 1274 4357 potestate
1301 4272 1467 4337 mastituto
1490 4285 1511 4329 a

402 4396 629 4465 praesumare,
652 4387 707 4450 eui
729 4388 802 4451 talis
823 4395 892 4451 crat
913 4387 1064 4470 facultas.

273 4489 325 4555 15.
349 4492 393 4557 El
413 4495 450 4556 in
469 4502 679 4575 procuratore
693 4494 736 4558 aa
750 4512 865 4559 causas
880 4496 1050 4560 constituto
1065 4509 1139 4556 eum
1153 4491 1262 4573 aliquo
1278 4498 1407 4553 tantum
1421 4486 1510 4567 siquo

406 4604 597 4682 uniuersali,
617 4613 701 4685 puto
721 4602 764 4666 aa
787 4621 894 4669 omnes
917 4618 1041 4667 causus.

275 4708 326 4774 16.
348 4709 429 4777 Nam
451 4712 532 4775 idem
554 4718 597 4776 est
619 4730 658 4776 oc
680 4715 708 4777 si
729 4714 841 4796 suisset
864 4714 961 4777 etiam
983 4711 1027 4774 aa
1048 4713 1181 4793 suturas
1203 4708 1400 4773 constitutus.

276 4814 326 4881 17.
349 4817 452 4883 Mulio
472 4822 573 4901 mopis
596 4822 632 4885 iu
652 4830 862 4902 procuratore
892 4836 1035 4900 expresse
1065 4821 1234 4886 connisum
1255 4818 1299 4881 orl
1320 4831 1512 4898 prosequen-

408 4928 483 4992 dam
506 4930 758 5011 appellationem.
