3734 5750
318 265 382 333 536
746 249 948 326 uulturio]
969 251 1092 322 cmc!
1113 251 1260 319 Tuscu.

315 437 372 520 qui
393 436 426 499 io
448 435 686 518 procuratorem
709 428 835 497 admisit
849 432 882 491 et
895 425 1119 510 litigaritcum
1134 441 1172 487 eo
1190 423 1245 502 qui
1269 438 1331 487 nou
1355 418 1488 487 uaueuu
1508 418 1693 505 iegitimum

316 547 518 625 mandatum
533 543 644 624 nequit
665 540 749 605 enim
773 543 878 621 postea
893 551 1051 619 opponere
1065 533 1149 615 quod
1164 548 1227 597 nou
1242 532 1496 615 sit-procurator,
1510 537 1549 599 ut
1563 538 1697 615 praeter

317 672 470 735 eosquos
492 669 587 734 supra
609 668 667 732 pro
698 648 757 712 huc
791 650 880 729 parte
911 644 1130 728 allegavimus,
1153 642 1260 707 volunt
1283 640 1389 723 piures
1412 657 1493 721 quos
1514 646 1697 725 congerunt

318 761 450 827 Addeut.
471 760 515 824 od
538 757 666 839 (ἕτερον.
692 755 757 821 XV
774 756 803 818 d.
825 754 916 817 decis.
939 749 1005 815 280
1028 770 1060 816 n.
1085 748 1136 814 11.

405 866 459 932 49.
480 869 523 935 Et
544 869 700 948 quatenus
722 867 918 946 oppomtur,
932 864 1053 943 spectat
1076 858 1115 923 ad
1138 858 1347 941 excipientem
1369 874 1452 924 onus
1474 857 1627 940 probandi
1645 858 1697 923 di·

317 982 403 1042 ctam
426 975 614 1059 negativam,
639 972 728 1037 illum
750 970 868 1035 seilicet
891 987 952 1034 nou
975 982 1041 1034 eme
1062 972 1321 1049 procuratorem,
1335 982 1398 1031 ooo
1412 968 1520 1032 autem
1536 967 1575 1032 ad
1594 985 1698 1034 asser·

320 1088 389 1149 tum
421 1085 658 1165 procuratorem
684 1077 872 1161 justificandi
896 1094 989 1142 suum
1013 1074 1215 1153 mandatum,
1248 1073 1337 1138 Alex.
1357 1076 1394 1138 in
1416 1076 1446 1139 d
1470 1072 1506 1139 L.
1526 1078 1594 1141 lieet
1616 1095 1649 1141 se
1674 1076 1697 1140 ὖ

321 1188 387 1254 eod.
409 1189 444 1253 de
464 1205 615 1273 prorue,
637 1185 792 1252 taceres
816 1204 901 1250 cous.
925 1183 969 1247 12
991 1203 1023 1247 o.
1044 1182 1077 1247 2.

409 1294 460 1359 ὅθ.
483 1294 579 1361 Secus
599 1298 707 1360 autem
728 1294 754 1358 si
778 1297 991 1376 opponeretur
1012 1292 1176 1369 uir-initio,
1197 1293 1271 1371 quia
1295 1309 1357 1355 uon
1379 1292 1418 1356 ad
1443 1299 1622 1377 negantem,
1643 1295 1697 1360 sad

169 1390 178 1421 ⁴
318 1403 358 1466 ad
383 1401 485 1484 ipsum
510 1407 743 1484 comparentem
766 1401 987 1484 procuratorio
1009 1402 1133 1465 uomiue
1148 1404 1302 1483 spectaret
1317 1416 1398 1467 uuus
1413 1404 1565 1485 probandi
1581 1422 1614 1470 oe
1631 1421 1696 1471 esse

321 1510 581 1592 tatem,qua1em
613 1528 647 1576 se
674 1511 767 1588 iacit,
791 1509 883 1574 Bou.
914 1512 949 1573 iu
971 1511 1000 1574 d.
1022 1510 1057 1574 L.
1079 1511 1203 1579 liceto.
1227 1506 1265 1571 11
1291 1525 1369 1574 reru
1397 1510 1449 1574 sed
1479 1508 1532 1575 ite
1559 1529 1695 1595 quaero,

322 1620 427 1686 reddit
448 1621 605 1684 rationem
628 1616 776 1683 Grotiou
799 1617 892 1681 decis.
915 1617 1040 1681 Marri.
1063 1615 1127 1681 205
1150 1634 1182 1681 a.
1204 1615 1225 1679 2
1250 1625 1279 1680 et
1300 1634 1378 1700 seqq.

412 1749 430 1788 α
456 1726 489 1792 Si
511 1726 548 1791 lis
569 1726 668 1791 iuerit
697 1744 771 1790 cum
798 1730 1008 1808 procuratore
1040 1724 1231 1803 contestata,
1253 1743 1314 1789 uon
1336 1727 1455 1807 poterit
1476 1732 1581 1809 postea
1600 1727 1692 1792 citari

325 1860 343 1899 a
367 1836 406 1901 ad
429 1836 606 1901 docendum
628 1836 668 1900 de
690 1835 832 1919 legitimo
855 1835 1002 1900 mandatu
1025 1846 1198 1917 procurae,
1214 1835 1287 1915 quia
1303 1834 1386 1898 iilius
1400 1850 1533 1917 persona
1551 1840 1693 1901 censetur

323 1965 342 2004 a
366 1944 555 2026 approbata,
580 1944 762 2024 Ridotptiru
784 1944 821 2008 in
841 1961 939 2024 prox.
961 1930 1035 2024 pur.
1059 1940 1076 2005 1
1101 1939 1206 2024 oup.3
1223 1939 1333 2017 mid,
1349 1942 1397 2006 vd
1412 1943 1437 2008 si
1453 1940 1595 2008 deiectus
1607 1960 1691 2007 mau-

325 2070 342 2110 s
367 2050 433 2115 dati
456 2049 560 2115 adhue
583 2054 692 2115 contra
716 2056 954 2134 procuratorem
972 2052 1002 2114 in
1018 2051 1080 2116 hoc
1101 2067 1174 2116 cusu
1197 2055 1303 2134 potest
1317 2051 1442 2134 opponi,
1458 2056 1564 2116 tumen
1578 2068 1618 2116 ex
1632 2068 1692 2133 quo

325 2178 343 2216 α
367 2162 556 2239 procuratur
579 2175 635 2241 per
657 2160 916 2225 contestationem
932 2160 997 2225 litis
1010 2160 1131 2225 dicitur
1153 2160 1345 2226 constitutus
1358 2161 1390 2224 in
1405 2160 1495 2242 quasi
1511 2160 1693 2243 pomeoeiooe

325 2286 343 2326 r
368 2267 616 2348 procurationis,
634 2285 713 2331 onus
727 2267 879 2349 probardi
902 2284 976 2332 eum
993 2286 1054 2331 non
1070 2266 1168 2334 iuioee
1179 2272 1421 2350 procuratorem
1440 2273 1488 2333 est
1502 2270 1694 2351 opponentis,

324 2394 344 2433 ι
371 2371 553 2454 Ridutptio.
575 2376 611 2438 io
632 2393 727 2455 proc.
759 2394 831 2456 por.
856 2374 872 2438 1
898 2394 966 2456 cop.
989 2371 1010 2438 3
1042 2396 1074 2439 u.
1104 2372 1167 2454 iu,
1190 2374 1244 2439 oti
1276 2393 1316 2438 ex
1343 2375 1501 2440 Musecrd.
1523 2376 1561 2439 de
1580 2375 1694 2457 produt

327 2499 345 2539 r
372 2481 509 2544 conetur.
532 2477 607 2561 693,
621 2482 677 2558 ait,
697 2482 784 2561 quod
804 2483 899 2564 judex
924 2489 1039 2572 umen,
1052 2485 1077 2548 si
1100 2483 1177 2562 vuit,
1199 2487 1303 2568 potest
1324 2500 1437 2567 eogere
1460 2488 1694 2566 procuratorem

325 2605 345 2646 s
369 2586 408 2651 sd
431 2587 607 2655 docendum
629 2590 669 2654 de
691 2590 837 2656 rmuduto
860 2608 1024 2674 procum

416 2692 640 2778 stuppeum
662 2701 771 2763 autem
792 2700 978 2780 exceptione
1001 2699 1157 2779 mandati,
1180 2704 1306 2766 tenetur
1336 2705 1473 2767 essemus
1495 2707 1693 2784 procurator,

327 2799 413 2866 dicto
436 2805 657 2885 procuratorio
681 2806 806 2871 nomine
820 2824 1013 2889 comparens,
1037 2809 1219 2875 mundatum
1233 2826 1327 2875 suum
1344 2811 1512 2890 exhibere,
1527 2810 1603 2876 alhs
1616 2816 1696 2877 totus

328 2929 492 2993 processus
512 2931 587 2979 cum
609 2915 757 2981 omnibus
775 2916 848 2982 iuda
870 2918 1013 2996 sequutis
1036 2918 1224 2984 redderetur
1246 2918 1350 2984 nulius
1370 2924 1404 2984 et
1425 2920 1541 2984 nuliius
1564 2917 1693 2995 robore,

329 3025 367 3086 ut
389 3021 530 3088 dicemus
551 3023 613 3089 iate
635 3040 702 3104 cup.
726 3026 867 3107 sequenti
890 3025 925 3088 de
948 3027 1096 3089 mundati
1115 3027 1331 3107 productione.

418 3150 435 3188 ι
460 3130 648 3196 Protestatio
679 3132 765 3213 quud
796 3151 890 3198 ccmo
911 3134 1079 3214 audiatur,
1101 3133 1160 3202 uisi
1184 3133 1277 3199 doctu
1299 3133 1337 3200 da
1361 3135 1508 3201 mandato
1531 3152 1695 3219 procurue,

329 3256 350 3296 e
373 3241 524 3317 operatur
553 3239 729 3304 nuiiimtem
760 3245 906 3307 actorum
927 3246 995 3312 tam
1020 3241 1050 3306 iu
1072 3223 1200 3326 'pupilio
1231 3239 1326 3322 quam
1350 3245 1383 3306 iu
1406 3245 1534 3326 majori,
1559 3244 1628 3310 aa.
1646 3244 1695 3306 de·

331 3361 351 3400 ι
374 3343 427 3406 eie
452 3340 516 3406 176
538 3364 572 3409 er,
595 3344 636 3408 11)
652 3364 728 3428 pur.
753 3345 797 3412 it
820 3350 944 3414 Reuertt.

421 3471 440 3510 r
465 3452 508 3517 ut
530 3452 635 3519 reddit
663 3456 784 3520 uuiium
815 3458 971 3539 quimus
1004 3464 1111 3525 auum
1142 3459 1222 3535 iuit,
1244 3461 1336 3526 dreis.
1358 3458 1425 3526 820
1445 3479 1476 3526 o.
1499 3459 1545 3527 31
1562 3478 1638 3546 pur.
1660 3458 1696 3524 10

332 3580 350 3618 α
377 3557 500 3625 Reverti.

421 3687 439 3726 c
463 3666 506 3734 Et
528 3675 680 3751 operatur
711 3675 796 3754 quod
827 3680 917 3741 aetus
937 3676 1003 3741 siue
1024 3692 1062 3740 eo
1090 3681 1199 3761 gestus
1228 3681 1335 3761 peceet
1366 3679 1399 3742 iu
1430 3678 1696 3754 summariorum,

332 3797 352 3836 a
376 3789 474 3857 mem
495 3795 629 3859 procurre
652 3784 873 3863 superveniens
894 3791 927 3850 et
950 3786 1117 3850 ratificatio
1140 3786 1334 3851 couraiidaoe
1356 3787 1486 3868 mouit,
1515 3785 1608 3850 decis.
1636 3779 1694 3849 236

332 3905 350 3943 ι
376 3903 408 3948 u.
432 3883 474 3947 12
493 3896 578 3967 port
600 3887 622 3953 9
644 3898 716 3954 tom.
742 3889 771 3965 1,
795 3901 823 3956 et
851 3893 940 3956 doeio.
963 3889 1028 3957 239
1052 3911 1084 3957 γι
1108 3891 1150 3955 iu
1171 3909 1243 3976 por.
1266 3891 1308 3956 16
1332 3894 1457 3959 Reerot.

422 4018 441 4055 r
465 3997 509 4062 ut
530 4005 684 4081 operatur
705 4002 882 4067 nuditatem
906 4008 1089 4086 gestorum,
1109 4003 1232 4068 etiamsi
1252 4005 1316 4086 jam
1337 4003 1457 4068 tactum
1489 4001 1587 4066 tuerit
1613 4014 1696 4064 mau-

334 4125 351 4163 s
376 4103 487 4168 datum
508 4106 562 4171 sad
585 4125 646 4171 uon
669 4110 878 4191 productum,
902 4110 994 4175 decis.
1016 4108 1081 4175 236
1104 4131 1136 4175 n.
1161 4109 1183 4176 9
1204 4122 1289 4192 port.
1311 4109 1333 4175 9
1357 4120 1429 4174 tom.
1454 4107 1470 4171 1
1497 4107 1618 4174 liecest

422 4236 439 4273 c
464 4214 507 4280 Et
529 4216 582 4279 ubi
605 4215 665 4281 tuit
687 4220 849 4300 oppositus
881 4219 1019 4284 mandati
1050 4217 1293 4284 deiectusuute
1324 4217 1528 4293 senteutiam,
1552 4214 1641 4280 etde
1660 4228 1698 4275 eu

334 4340 352 4378 s
377 4337 438 4384 non
462 4327 604 4401 constat,
615 4324 770 4407 judicium
794 4327 938 4391 redditur
959 4327 1151 4404 elusatium,
1175 4327 1266 4390 decis.
1280 4324 1345 4389 tou
1368 4345 1400 4390 o.
1414 4323 1436 4386 2
1452 4341 1528 4405 por.
1544 4317 1565 4386 3
1582 4319 1698 4387 uersu

421 4452 439 4491 e
464 4432 599 4499 Nuriiitas
617 4438 725 4499 tameo
745 4435 885 4500 medati
906 4452 947 4499 ex
970 4436 1093 4502 deiectu
1119 4437 1305 4519 proveniens
1324 4453 1385 4500 uon
1407 4440 1456 4501 est
1476 4427 1701 4500 attendendusi

334 4560 352 4600 u
377 4540 418 4605 sit
440 4542 566 4607 turbida
588 4548 621 4607 et
643 4542 755 4620 dubie,
778 4545 868 4608 dem.
892 4542 957 4607 1116
979 4561 1011 4609 u.
1033 4543 1073 4606 21
1096 4554 1181 4625 port
1203 4541 1226 4607 8
1249 4544 1372 4609 licceat.

422 4646 473 4712 52
495 4650 526 4715 Si
549 4654 656 4715 autem
680 4669 862 4734 comparens
884 4652 997 4718 habeat
1019 4652 1146 4735 quidem
1169 4652 1353 4717 mundatum
1367 4650 1422 4715 sed
1437 4649 1579 4714 inedioax
1594 4651 1626 4712 et
1642 4647 1700 4711 mi-

333 4775 394 4824 uus
415 4758 612 4844 legitimum,
634 4760 761 4848 quaudo
783 4777 858 4842 pure
876 4761 1005 4827 auvam
1028 4780 1091 4827 ooo
1113 4761 1260 4844 opponit,
1283 4760 1378 4824 tacite
1401 4757 1528 4825 ridetur
1550 4754 1625 4821 iliud
1650 4768 1702 4833 up-
