3734 5750
473 356 530 433 DE
553 364 1048 433 Ρ1101111116Το11111118.ΟΑΡ.
1071 364 1265 434 Lxxxvfl.
1490 372 1557 441 tta

273 556 290 598 6
316 538 540 605 6666666166
563 537 617 600 nbi
639 536 711 617 quis
740 536 928 618 acceptando
953 536 998 599 vel
1029 537 1243 619 promittendo
1273 557 1419 622 expresse
1450 542 1557 609 adiicit
1632 541 1634 545 ’

188 664 206 705 a
230 664 340 711 nomen
364 647 619 729 procuratorium
637 643 682 708 vel
698 644 910 724 institorium3
932 661 1008 710 eum
1032 650 1107 710 tunc
1130 647 1263 712 resultet
1284 647 1366 711 clara
1388 647 1557 713 declaratio

188 757 307 820 «nolle
331 757 429 821 teneri
459 756 498 820 de
527 755 674 837 proprio,
699 753 751 816 sed
781 753 858 815 bene
887 753 1006 836 obligat
1035 753 1238 835 principalem
1268 771 1323 818 seu
1354 754 1554 820 mandantem

189 864 318 945 «juxta
341 864 461 928 celebre
484 862 646 927 consilium
668 858 734 923 51⁰
757 861 862 940 Decii,
884 861 970 942 quod
994 862 1025 924 in
1048 860 1107 926 bac
1130 864 1260 927 materia
1282 863 1405 947 speciali
1420 863 1557 929 circum-

188 995 215 1034 6·
229 972 334 1037 tenor
355 978 516 1052 tamquam
540 968 728 1054 magistrale,
750 973 783 1034 et
804 968 988 1035 admittitur
1018 970 1072 1034 nbi
1102 971 1291 1054 subscriptio
1312 969 1361 1035 vel
1385 972 1556 1054 acceptatio

186 1067 361 1145 «titulum
381 1077 683 1144 administratorium
707 1075 754 1140 vel
778 1077 1010 1142 institutorium
1034 1076 1145 1151 babet,
1165 1077 1260 1143 Curd.
1284 1079 1321 1142 de
1346 1077 1421 1143 Luc.
1443 1079 1556 1144 ibidem

186 1206 204 1244 6
229 1187 258 1250 6.
281 1186 354 1251 disc.
376 1183 420 1250 85
443 1204 473 1250 6.
496 1181 525 1248 3.
1005 1180 1010 1191 “

274 1290 305 1356 3.
327 1294 517 1359 Procurator
538 1298 646 1358 autem
677 1292 793 1357 babens
816 1293 1000 1359 mandatum
1023 1312 1206 1378 expressum
1229 1296 1267 1361 de
1290 1297 1433 1363 solvendo
1455 1303 1558 1381 potest

182 1400 303 1465 solvere
325 1403 421 1467 etiam
442 1402 508 1467 sine
528 1402 647 1485 judicic
667 1407 701 1467 et
722 1407 852 1484 sponte,
877 1401 912 1466 L.
933 1386 1077 1485 idemque
1099 1401 1122 1490 §
1143 1404 1339 1487 fidejussores
1359 1404 1390 1487 ff
1406 1406 1536 1470 mund..-

272 1503 303 1569 lt.
324 1507 503 1573 Dummodo
526 1515 629 1575 servet
651 1509 689 1574 ad
713 1528 852 1593 unguem
877 1510 1010 1575 formam
1034 1514 1191 1592 mandati,
1205 1514 1280 1579 alias
1294 1533 1356 1579 non
1371 1520 1557 1596 sequeretur

183 1612 328 1681 liberatio
356 1616 524 1695 debitoris,
558 1616 635 1683 Sim.
665 1619 701 1682 de
735 1618 842 1683 Proet.
872 1637 956 1683 coos.
989 1617 1050 1682 151
1075 1640 1107 1684 6.
1131 1620 1174 1685 36
1198 1633 1226 1687 et
1250 1644 1329 1707 seqq.
1352 1625 1400 1690 tto.
1427 1623 1463 1703 1,
1488 1626 1556 1691 Rot.

182 1742 293 1789 rorum
317 1723 453 1791 Coccina
474 1725 565 1790 66616
587 1724 632 1787 22
654 1744 686 1790 6.
708 1722 738 1790 2

273 1832 302 1898 5.
324 1835 367 1900 Et
388 1833 487 1899 solvat
509 1851 582 1898 vero
612 1833 760 1900 creditori
785 1832 830 1899 vel
860 1837 928 1918 ejus
958 1835 1101 1918 legitimo
1132 1838 1352 1920 procuratori,
1377 1838 1411 1903 L.
1445 1841 1474 1903 61
1504 1857 1559 1920 epo

178 1950 214 2011 61
236 1944 281 2008 ibi
304 1941 402 2008 Gloss
424 1942 456 2026 ff
472 1942 508 2007 de
538 1960 640 2024 oepoc.
661 1952 754 2024 pest,
776 1961 849 2008 curn
880 1942 949 2008 aliis
978 1945 1135 2027 congestis
1157 1961 1178 2008 6
1201 1944 1273 2010 Ber.
1303 1963 1386 2009 eoos.
1402 1984 1405 1991 -
1419 1941 1459 2009 13
1483 1965 1514 2009 6.
1540 1942 1556 2006 1

179 2054 232 2117 116.
260 2049 298 2127 1,
323 2061 350 2116 et
372 2069 394 2115 6
417 2052 521 2117 Jacob.
545 2052 696 2116 Laureot.
718 2053 752 2115 tn
775 2060 865 2116 tract.
888 2052 925 2115 dc
941 2050 1041 2132 judic.
1064 2061 1195 2134 suspect.
1225 2068 1294 2135 cup.
1317 2048 1339 2115 6
1361 2072 1394 2118 6.
1414 2048 1479 2129 db,
1502 2052 1557 2117 ubi

177 2160 277 2225 docet
298 2160 370 2239 quis
393 2160 424 2223 in
446 2158 607 2242 proposito
629 2159 755 2225 dicatur
776 2176 869 2224 varus
890 2165 924 2225 et
946 2160 1107 2243 legitimus
1129 2168 1327 2244 procurator.

272 2264 366 2335 6111
389 2273 553 2351 propterea
574 2268 601 2333 si
624 2268 757 2333 solveret
779 2285 839 2331 uon
862 2284 937 2332 vero
960 2268 1109 2333 creditori
1134 2269 1186 2333 sed
1212 2269 1295 2333 illius
1310 2271 1428 2334 asserto
1443 2286 1559 2350 procu-

175 2379 284 2444 ratori
315 2378 370 2458 qui
402 2394 463 2440 non
495 2375 626 2441 baberet
656 2375 835 2459 legitimum
866 2374 1049 2440 mandatum
1072 2375 1111 2439 66
1134 2375 1349 2456 recipiendum
1372 2374 1559 2452 solutiones,

177 2486 333 2557 mandans
355 2503 417 2549 non
447 2491 624 2550 remaneret
653 2483 822 2563 liberatus,
845 2483 881 2547 L.
904 2501 977 2547 cero
1005 2482 1233 2564 procuratori,
1267 2481 1302 2545 L.
1325 2482 1383 2563 put
1403 2482 1559 2544 bominem

175 2589 255 2678 §si
281 2592 387 2671 66116,
409 2598 443 2658 61
465 2592 506 2657 rbi
532 2590 641 2671 Bart,
665 2590 764 2655 Alter.
797 2600 823 2655 et
855 2591 944 2656 6166.
963 2592 993 2675 ff
1014 2590 1181 2669 6666161,
1207 2590 1294 2654 l’ort.
1320 2589 1403 2653 lmol
1432 2607 1516 2653 6666.
1538 2587 1560 2651 b

175 2720 208 2765 6.
234 2697 290 2764 36.
734 2698 740 2715 ’

268 2808 301 2874 7.
324 2811 426 2877 Prout
448 2811 544 2877 ctiam
567 2812 593 2878 si
617 2811 749 2879 solveret
770 2813 953 2895 conjunctae
976 2828 1126 2894 personae
1140 2808 1239 2892 ipsius
1253 2806 1437 2887 creditoris,
1453 2804 1489 2870 L.
1503 2805 1559 2888 pot

174 2921 290 2985 611666
314 2917 338 3006 S
360 2937 558 3004 quamquam
579 2921 609 3004 ff
626 2923 663 2986 de
686 2939 788 3002 cepoe.
811 2929 881 3002 pest.

269 3026 302 3093 8.
325 3030 388 3096 Nisi
410 3048 452 3095 ex
474 3030 631 3112 conjuncti
662 3034 826 3096 contractu
849 3034 929 3095 esset
960 3027 1111 3092 creditori
1134 3028 1184 3109 jus
1206 3025 1404 3107 quaesitum,
1428 3025 1466 3087 ut
1488 3021 1559 3103 plu·

173 3139 264 3204 rium
291 3139 484 3203 auctoritate
506 3140 690 3220 comprobat
714 3138 818 3202 Jacob.
844 3136 998 3201 Luoraut.
1020 3136 1049 3199 6.
1072 3152 1140 3216 cup.
1162 3132 1184 3197 6
1207 3153 1239 3199 6.
1261 3131 1313 3196 bb.

267 3245 302 3312 9.
326 3248 385 3314 Sed
408 3248 434 3313 si
458 3248 555 3313 solvat
586 3265 659 3312 vero
691 3246 888 3330 procuratori
911 3246 967 3326 qui
990 3262 1006 3308 6
1030 3244 1188 3308 creditore
1217 3241 1350 3307 babebat
1380 3239 1557 3323 legitimum

173 3357 369 3422 mandatnm
392 3357 431 3420 66
456 3355 670 3438 recipiendum
691 3354 869 3434 solutiones,
884 3355 938 3419 sed
954 3371 1009 3436 per
1025 3357 1162 3418 mortem
1179 3349 1354 3415 mandantis
1367 3348 1558 3431 expiratum,

172 3467 222 3532 vel
247 3466 316 3532 alio
338 3483 378 3530 ex
408 3465 509 3530 modis
530 3465 570 3530 de
591 3465 706 3547 quibus
735 3463 774 3529 66
805 3465 897 3527 finem
929 3468 1105 3547 tractatus,
1130 3461 1330 3536 revocatum,
1352 3475 1390 3521 an
1412 3474 1452 3521 ox
1475 3455 1558 3520 dicta
1646 3447 1652 3458 '

169 3575 339 3641 solutione
377 3578 536 3639 remaneat
570 3573 720 3640 liberatus
749 3572 896 3637 debitor?
922 3570 1178 3655 distinguendum
1201 3572 1268 3647 est,
1298 3584 1337 3631 66
1369 3565 1558 3647 procurator

86 3669 91 3680 ’
166 3683 277 3748 solvat
302 3686 470 3762 66166666
492 3681 532 3745 66
554 3681 750 3746 revocatione
771 3681 916 3746 notitiam
932 3679 1053 3760 babeat,
1075 3697 1114 3743 66
1137 3683 1252 3761 postea:
1268 3677 1292 3741 si
1317 3676 1414 3757 prius,
1436 3670 1558 3736 debitor

169 3794 349 3868 liberatur,
370 3806 466 3855 secus·
480 3791 505 3854 si
529 3793 645 3874 postea,
667 3790 695 3854 d.
719 3790 754 3855 L.
777 3792 834 3872 poi
855 3786 1057 3874 16666663
1079 3790 1107 3853 st
1128 3787 1229 3866 66116,
1252 3777 1558 3848 6166666666-

166 3904 237 3966 1166
262 3899 299 3984 ff
316 3897 353 3961 dt
375 3898 474 3974 solut,
492 3897 526 3961 L.
550 3899 578 3961 si
599 3897 838 3980 6666616611
856 3898 974 3974 mand,
990 3898 1074 3963 1116.
1092 3894 1164 3961 Sec.
1181 3911 1262 3958 roos.
1278 3889 1342 3955 613
1358 3911 1389 3955 6.
1407 3888 1448 3952 16
1464 3887 1513 3952 116.
1528 3884 1557 3951 3.

271 4004 327 4070 16.
349 4004 500 4072 Similiter
523 4005 704 4070 mandatum
724 4006 812 4096 istud
835 4024 895 4070 non
919 4007 1068 4089 impletur
1090 4022 1146 4069 nac
1161 4002 1206 4068 illi
1222 4002 1334 4068 6611661
1349 4018 1405 4084 per
1421 3998 1557 4082 promis-

167 4118 302 4184 sionem
334 4114 373 4178 dc
403 4111 566 4191 solvendo,
587 4114 639 4180 sod
670 4114 762 4180 debet
794 4116 915 4199 impleri
938 4132 995 4199 per
1018 4131 1123 4179 veram
1147 4117 1179 4178 61
1202 4113 1318 4177 realem
1347 4111 1556 4187 solutionem,
1586 4101 1591 4112 '

167 4227 205 4291 L.
231 4226 266 4288 6·
290 4222 460 4287 debitorem
482 4221 566 4305 (ide
589 4232 710 4304 66661,
733 4221 826 4289 Gubr.
857 4243 941 4289 6666.
965 4222 1028 4288 155
1051 4242 1082 4287 6.
1105 4222 1145 4287 21
1172 4223 1221 4288 lib.
1249 4219 1287 4302 1,
1310 4221 1380 4287 1161.
1414 4219 1555 4285 Genuum

165 4333 266 4398 decis.
294 4327 319 4390 2
341 4350 371 4394 6.
396 4326 446 4394 15.

269 4435 327 4502 11.
349 4438 438 4504 Unde
460 4440 485 4504 si
508 4458 569 4505 non
591 4441 689 4505 solvat
712 4440 838 4506 realiter
859 4447 892 4507 et
914 4459 988 4507 cum
1004 4443 1195 4522 eructuet
1211 4440 1337 4506 mandat
1350 4457 1408 4506 suo
1422 4438 1556 4504 debitori

166 4560 208 4620 61
232 4551 344 4617 solvat
365 4550 514 4615 creditori
537 4550 724 4628 mandantis,
739 4568 800 4615 non
822 4551 960 4633 acquirit
981 4549 1196 4617 liberationem
1219 4549 1378 4615 mandanti
1401 4565 1457 4612 nee
1479 4547 1555 4612 sati-

165 4659 266 4724 sfacit
290 4674 352 4721 suo
376 4658 532 4736 mandato,
546 4659 571 4723 si
596 4659 654 4724 boc
676 4676 738 4723 non
761 4659 854 4724 iaciat
875 4677 931 4740 per
954 4660 1034 4724 viam
1058 4677 1148 4726 verae
1170 4658 1371 4743 delegationis
1393 4659 1555 4741 praesente

165 4776 203 4836 et
225 4771 419 4850 acceptante
441 4767 598 4833 creditore
618 4769 670 4832 e'ui
693 4772 764 4834 erat
785 4766 921 4832 iacienda
945 4768 1076 4845 solutio,
1104 4768 1185 4834 1166.
1209 4766 1285 4833 166.
1308 4785 1390 4832 coos.
1405 4762 1472 4829 166
1487 4760 1552 4829 61

164 4884 198 4939 et
223 4892 316 4959 seqq.
340 4873 388 4939 lib.
409 4869 439 4937 1.
