3734 5750
520 394 576 464 bn
599 393 985 463 unocunalonlbus
1007 397 1095 463 CAP.
1117 398 1232 464 lxix.
1498 399 1559 467 361

283 587 303 631 a
327 568 485 636 Constitui
516 585 577 631 non
607 571 711 649 potest
742 569 930 648 procurator
953 565 992 630 ad
1021 535 1280 647 praesentandum
1312 567 1351 631 ad
1380 568 1565 636 &namium

201 701 219 746 a
242 684 447 755 vacaturum,
468 676 611 757 quamvis
641 674 765 739 dicatur
787 691 846 756 pro
869 674 994 754 wando
1026 674 1163 751 vacabit,
1185 674 1327 753 quamvis
1348 675 1381 737 in
1404 676 1467 740 vim
1488 675 1565 743 dicti

196 811 216 849 a
240 785 379 852 mandati
401 783 611 866 praesentatio
626 781 682 846 liat
695 787 766 863 post
779 798 852 845 vere
867 786 1036 862 sequutam
1059 781 1270 860 vacationem3
1291 799 1373 862 quae
1395 801 1468 847 sane
1490 803 1565 849 con

197 917 216 957 a
239 895 336 960 clusio
360 895 392 958 in
413 910 451 958 eo
473 891 635 968 landatur,
657 890 731 970 quia
753 889 905 953 nimirum
929 890 1013 954 iuter
1044 895 1166 954 caetera
1189 886 1289 952 valide
1310 891 1566 971 praesentationis

195 1025 214 1064 a
238 999 408 1084 requisita,
429 1005 634 1065 enumeratur
656 998 775 1064 vacatm
798 999 948 1063 beneficii.

287 1129 304 1170 a
330 1107 424 1189 Quod
445 1114 548 1174 umen
571 1107 808 1191 intelligendum
831 1109 925 1186 venit,
948 1112 1104 1189 quatenns
1126 1115 1241 1192 agatur
1262 1109 1301 1174 de
1323 1109 1469 1175 mandato
1491 1111 1565 1174 dato

196 1234 215 1295 a
239 1213 279 1278 ad
302 1214 557 1296 praesentandam
580 1219 698 1279 certam
722 1231 905 1298 personam3
924 1221 1136 1281 accusantem
1159 1217 1213 1280 nbi
1235 1222 1350 1301 agatur
1365 1217 1405 1282 de
1418 1218 1565 1283 mandato

196 1346 216 1384 a
242 1324 377 1408 generali
408 1322 492 1404 quod
524 1324 714 1389 concedatur
744 1324 784 1388 ad
816 1317 1077 1406 praesentandum
1100 1326 1131 1388 in
1153 1325 1302 1390 beneficio
1325 1327 1370 1392 vel
1392 1326 1565 1406 beneficiis,

197 1455 217 1493 a
241 1434 366 1514 quotics
387 1449 475 1497 casus
497 1433 666 1498 vacationis
687 1432 866 1515 contigerit
889 1432 978 1496 Licet
1000 1432 1085 1496 enim
1115 1432 1213 1512 aliqui
1235 1433 1364 1498 credaut
1385 1433 1480 1496 etiarn
1502 1433 1563 1498 isto

193 1562 213 1602 a
238 1559 311 1606 casu
332 1543 446 1623 iustam
469 1559 595 1606 oausam
619 1541 750 1621 requiri,
765 1545 842 1623 puta
864 1541 1020 1605 absentiae
1034 1541 1082 1605 vel
1097 1541 1225 1617 similis,
1238 1545 1377 1606 attamen
1400 1546 1561 1624 receptum

193 1673 213 1712 a
237 1652 402 1716 autetiam
423 1669 482 1734 per
495 1655 688 1733 praesentem
707 1650 774 1714 deri
789 1667 887 1731 posse,
909 1651 1056 1730 quoniam
1080 1651 1196 1715 sufficit
1217 1656 1338 1717 utnon
1361 1653 1459 1718 intret
1481 1654 1562 1718 ratio

192 1762 301 1826 «noti
321 1759 490 1843 captandae
512 1759 633 1837 mortis,
655 1759 708 1822 cni
732 1758 839 1823 innixa
861 1763 909 1824 est
930 1759 1015 1823 dicta
1036 1757 1209 1841 probibitio
1223 1762 1440 1842 praesentandi
1453 1763 1491 1827 ad
1508 1781 1561 1827 va-

187 1887 210 1928 e
235 1872 402 1947 caturam,
423 1884 481 1932 seu
503 1866 542 1930 ad
565 1865 818 1931 oonstituendnm
841 1866 881 1931 ad
905 1866 937 1931 id
959 1870 1215 1950 procuratorem:
1239 1867 1372 1949 ideoque
1394 1869 1452 1936 ista
1476 1870 1562 1934 ride·

189 1995 210 2034 a
232 1980 290 2040 tur
312 1975 431 2058 paritor
452 1974 594 2055 quaestio
614 1973 690 2039 iacti
713 1992 770 2056 pro
795 1974 887 2039 istius
908 1974 1060 2055 qualitate
1082 1973 1267 2054 decidenda,
1282 1993 1320 2040 an
1334 1975 1425 2052 adsit,
1448 1994 1505 2041 nac
1519 1993 1558 2041 ne

187 2102 207 2141 a
232 2081 329 2158 fraus,
351 2098 409 2145 seu
430 2081 545 2146 militet
567 2082 648 2146 ratio
669 2081 722 2146 oni
745 2080 827 2148 dicta
851 2081 1023 2165 probibitio
1046 2082 1152 2149 innixa
1175 2088 1233 2161 est,
1253 2084 1449 2165 etquenam
1463 2085 1556 2149 tinem

186 2190 418 2274 «percutiunt
446 2188 659 2254 distinctiones
690 2206 770 2269 qnae
801 2189 916 2254 relatae
947 2187 1104 2254 habeatnr
1134 2208 1191 2272 per
1213 2189 1345 2255 addent.
1367 2189 1410 2253 ad
1434 2189 1560 2274 (ἔναρον.

186 2320 207 2359 a
233 2297 325 2360 docta.
349 2291 425 2376 420,
447 2305 475 2360 et
497 2296 540 2359 ud
562 2294 803 2361 suracusas.
825 2293 1027 2373 annuas.
1049 2292 1249 2378 canapeo
1265 2299 1380 2363 Lotter.
1400 2300 1438 2362 de
1452 2317 1488 2363 re
1510 2298 1559 2363 be·

188 2430 207 2468 a
233 2406 365 2488 semul.
387 2405 436 2469 lu.
459 2403 483 2466 2
504 2423 532 2487 p.
553 2401 593 2485 6,
614 2422 653 2469 an
684 2403 801 2469 scilicet
831 2408 946 2487 agatur
968 2403 1008 2470 de
1029 2403 1176 2469 mandato
1209 2404 1282 2469 dato
1313 2422 1369 2486 per
1391 2403 1556 2471 habentem

184 2533 205 2575 a
231 2513 285 2595 jus
306 2512 522 2594 pmeaanund
544 2510 1000 2594 alumnumalumnum
1023 2529 1125 2577 unum
1148 2515 1281 2589 tantum,
1303 2530 1376 2576 cnm
1397 2512 1559 2577 similibus

219 2657 224 2662 -
279 2640 298 2678 a
322 2618 356 2684 Si
378 2635 452 2682 vero
475 2623 595 2684 constet
618 2623 786 2700 patronum
800 2636 842 2683 ex
856 2619 937 2702 insta
958 2620 1144 2684 credulitate
1166 2620 1343 2698 vacationis,
1356 2626 1390 2685 et
1403 2638 1477 2684 cum
1491 2621 1558 2703 ejus

183 2750 205 2791 a
229 2727 467 2812 praesupposito
490 2726 609 2792 dedisse
631 2727 813 2792 mandatum
835 2726 875 2791 ad
898 2725 1179 2809 pramtandnm,
1201 2731 1277 2792 tune
1307 2725 1392 2791 istud
1422 2725 1557 2792 validum

186 2859 206 2898 a
230 2842 393 2914 remanet,
413 2840 527 2919 atque,
547 2853 609 2901 non
632 2834 703 2901 data
736 2834 949 2914 mancatione,
971 2839 1041 2919 post
1063 2851 1135 2901 vere
1157 2840 1323 2916 mountain
1346 2834 1559 2912 vacationem,

184 2967 206 3006 e
223 2945 441 3028 praesentatio
463 2945 502 3009 ab
524 2944 587 3010 isto
608 2949 814 3027 procuratore
836 2943 916 3011 tacta
941 2945 1038 3010 valida
1060 2946 1130 3011 erit

276 3076 302 3114 a·
319 3053 425 3120 Gmsat
445 3058 552 3119 antam
574 3052 657 3135 diota
678 3051 861 3135 prohibitio,
876 3052 930 3117 ubi
945 3053 1001 3119 len
1019 3052 1058 3117 de
1080 3051 1401 3121 ordimriieonoemn
1423 3052 1456 3117 in
1475 3050 1558 3117 limi·

182 3182 204 3223 a
220 3179 269 3224 ‘ne
300 3161 466 3227 creationis
496 3160 613 3243 adjecta
645 3161 765 3243 pariter
794 3160 974 3242 disponeret
1004 3166 1042 3226 ut
1064 3179 1178 3243 supra,
1200 3161 1247 3225 vel
1270 3162 1324 3225 nbi
1347 3165 1496 3245 ageretur
1518 3160 1557 3225 de

182 3292 202 3332 a
226 3271 377 3337 mandato
397 3270 472 3335 dato
495 3269 527 3334 in
553 3270 659 3335 limine
681 3267 864 3346 medianis,
886 3273 924 3334 ut
947 3273 1018 3351 post
1040 3286 1136 3349 quam
1159 3270 1218 3335 iata
1240 3273 1376 3348 sequuta
1396 3272 1478 3333 esset
1501 3267 1557 3332 lie

181 3398 203 3439 a
227 3384 281 3443 ret
304 3378 531 3460 pmesentatio;
545 3382 622 3443 tunc
644 3376 727 3442 enim
751 3394 813 3440 non
834 3381 915 3442 esset
936 3377 1010 3441 dare
1033 3377 1214 3449 mandatnm
1238 3377 1278 3442 ad
1299 3377 1483 3447 beneficiam
1499 3394 1555 3459 per

182 3505 203 3546 a
224 3484 358 3550 abarim
379 3489 515 3551 mortem
537 3490 742 3565 vacaturum,
763 3485 848 3553 nude
872 3490 969 3552 caan
992 3487 1075 3552 ratio
1097 3485 1334 3569 prohibitionis3
1359 3485 1553 3550 seldenum

187 3612 215 3652 a.
230 3591 291 3656 ubi
306 3592 403 3658 ,cara
431 3591 573 3659 laudem
595 3608 632 3659 ac
653 3593 735 3659 bono
765 3594 870 3663 anim
894 3594 1116 3675 adaquantur,
1141 3599 1219 3676 puta
1249 3594 1304 3659 abi
1327 3595 1493 3662 imminens
1512 3596 1554 3661 sit

182 3719 202 3758 a
227 3696 491 3774 audatius-Curti.
515 3698 552 3787 da
574 3699 652 3765 Luc
673 3700 711 3789 ale
727 3699 795 3780 iar.
815 3711 981 3781 putrem.
1002 3701 1078 3766 diac.
1098 3699 1145 3766 aa
1163 3721 1195 3767 n.
1217 3698 1269 3769 34.

274 3825 293 3864 a
318 3803 390 3883 Quo
410 3820 488 3871 nero
500 3806 541 3871 ad
553 3820 743 3875 concursum
766 3810 1052 3890 praesmtationnm
1067 3826 1203 3889 quarum
1220 3829 1280 3877 una
1296 3813 1375 3878 lacta
1390 3814 1431 3877 sit
1445 3832 1463 3877 a
1478 3831 1552 3894 pro.-

181 3936 201 3976 ι
222 3919 394 3994 cumbam,
411 3919 449 3981 et
469 3915 566 3983 atera
587 3933 605 3979 a
628 3916 766 3994 daniae,
787 3916 842 3997 qui
865 3917 1048 3985 maumam
1070 3919 1271 3996 revocaverit
1292 3923 1348 3984 aut
1370 3919 1551 3993 mandatum

182 4044 202 4083 a
225 4043 290 4089 non
311 4025 451 4089 eontinet
470 4024 608 4106 iuratam
628 4023 853 4106 obligationem
872 4025 914 4091 de
937 4042 999 4089 non
1022 4025 1203 4100 revocando,
1225 4030 1258 4099 et
1280 4030 1357 4089 tuno
1377 4025 1463 4093 rrulla
1477 4044 1551 4108 sup

181 4153 200 4190 a
225 4132 310 4214 petit
331 4131 513 4209 difficultas,
534 4132 659 4213 quoties
680 4132 836 4199 mancatis
856 4132 938 4199 iacta
962 4133 1006 4197 sit
1029 4150 1063 4197 re
1087 4133 1220 4219 integra,
1241 4137 1274 4196 et
1295 4133 1373 4197 dum
1388 4150 1437 4199 res
1450 4138 1498 4199 est
1521 4135 1551 4201 io

181 4261 202 4303 a
223 4242 308 4321 fleri,
327 4241 542 4307 unte.2scilicet
560 4240 729 4329 adsonem
752 4241 1035 4322 praesentationem
1056 4240 1341 4322 pertsurdiparinm,
1358 4241 1404 4305 vel
1416 4243 1551 4309 alterum

181 4369 202 4406 c
220 4348 265 4412 ad
287 4364 381 4429 qnam
404 4353 523 4429 specta
545 4347 713 4427 institutio,
735 4349 876 4429 Quaevis
899 4350 1055 4423 mvocatio
1086 4349 1144 4430 ipsi
1176 4348 1374 4430 procuratori
1396 4349 1551 4417 notificata

182 4473 203 4513 a
225 4471 291 4519 aton
311 4456 365 4535 ait,
385 4455 557 4523 dnmmodo
578 4456 753 4522 innotescat
773 4457 936 4531 ordinario
958 4457 1005 4522 vel
1029 4458 1176 4523 Dauniae
1200 4457 1381 4523 afflantibus
1401 4476 1475 4523 cum
1493 4459 1553 4527 illis

182 4587 201 4625 ι
225 4564 587 4649 torminisgancraltbus
600 4563 899 4653 quartanarum
923 4565 1053 4633 materia
1076 4564 1263 4643 beneficiali,
1285 4566 1446 4630 wdone,
1464 4583 1552 4645 man-

183 4691 202 4730 a
222 4670 293 4735 dati
319 4670 404 4752 quod
426 4671 523 4747 datur
543 4672 582 4739 ad
603 4672 844 4755 resignandum,
867 4673 963 4745 etiarn
986 4673 1068 4737 cirea
1091 4690 1267 4756 expensas,
1286 4675 1376 4754 juxta
1405 4692 1440 4739 ea
1470 4691 1551 4754 quae

182 4798 201 4836 a
227 4777 383 4844 habentur
414 4780 473 4844 sub
505 4781 596 4844 titulo
618 4780 655 4844 de
676 4779 806 4864 Benefic.
839 4781 912 4846 disc.
943 4777 1012 4859 38,
1044 4798 1124 4861 qaae
1156 4782 1292 4863 reperies
1322 4779 1372 4861 bio
1403 4781 1549 4855 adnotata

182 4886 672 4968 «captivamus.
1171 4938 1192 4966 ,,..
1308 4972 1397 5056 46,
