3734 5750
509 341 566 408 nu
590 339 974 410 nnocuuarunmus
997 343 1085 410 cau
1098 344 1221 412 anu.
1482 294 1545 409 osi

172 511 347 578 necessaria
362 511 488 576 videtur
509 511 657 595 cognitio,
680 527 719 574 an
742 511 923 578 mamalum
946 513 1042 578 duret
1065 513 1112 577 vel
1134 515 1336 596 expiraverit,
1352 532 1391 578 ne
1412 515 1551 599 alioquin

172 626 268 686 actus
292 620 372 704 gesti
394 638 412 686 a
435 625 641 702 procuratore
673 622 816 683 revocato
847 624 880 683 et
910 621 977 684 sine
1006 619 1173 696 mandato,
1206 620 1359 687 nullitatis
1389 622 1465 686 vitio
1496 640 1550 687 su-

175 731 328 814 biacaant

269 859 287 897 a
312 836 496 902 Mandatum
520 837 558 900 de
580 835 628 901 sui
651 841 761 899 natura
785 841 834 898 est
858 835 1053 912 revocabile,
1074 833 1167 900 θανα
1190 836 1226 897 de
1242 835 1320 900 Lao.
1334 837 1547 902 de'donation.

176 966 199 1004 ι
224 946 298 1009 disc.
319 940 363 1006 36
384 963 416 1007 n.
441 941 490 1008 13.

270 1074 287 1112 a
311 1052 391 1118 Cum
413 1052 626 1135 procuratoris
647 1068 765 1115 munus
787 1056 954 1132 reputetur
984 1068 1124 1117 summae
1155 1052 1305 1131 fiduciae,
1329 1052 1405 1117 illud
1436 1053 1475 1116 de
1500 1055 1549 1117 sui

176 1181 197 1220 a
224 1167 336 1226 natura
359 1160 452 1226 debet
473 1176 537 1224 esse
567 1159 700 1223 liberum
722 1163 756 1222 et
777 1158 1037 1240 quandocumque
1067 1158 1255 1237 revocabile,
1279 1159 1355 1223 adeo
1387 1164 1424 1223 ut
1449 1175 1550 1240 neque

176 1287 197 1326 a
224 1272 403 1337 contractus
424 1283 589 1349 expressus
610 1271 705 1346 atque
727 1266 765 1329 de
788 1267 837 1330 sui
859 1272 971 1331 natura
1003 1267 1225 1351 obligaturus,
1251 1269 1340 1350 juxta
1364 1285 1459 1333 uuam
1482 1269 1551 1350 opi-

177 1397 199 1436 «
223 1377 348 1440 uionem
370 1376 408 1440 ad
431 1375 462 1439 id
485 1374 621 1457 obliget,
645 1372 739 1439 Cara
762 1374 798 1437 de
821 1374 898 1437 Luc.
920 1374 958 1437 de
981 1375 1070 1455 tepet.
1091 1375 1162 1438 disc.
1184 1370 1228 1436 43
1251 1394 1282 1438 n.
1304 1370 1334 1438 4
1550 1363 1552 1367 ’

268 1482 298 1548 ἃ
318 1483 397 1550 Cum
419 1483 504 1547 enim
525 1482 709 1547 mandatum
731 1481 772 1547 sit
794 1480 1030 1547 tundamentum
1053 1488 1183 1548 actuum
1206 1501 1263 1565 per
1281 1482 1418 1562 aliquem
1434 1499 1548 1565 procu-

175 1593 297 1657 ratorio
319 1591 443 1655 nomine
466 1596 647 1674 gestorum,
669 1589 931 1672 perscrutandum
956 1594 1123 1673 propterea
1144 1595 1191 1655 est
1215 1609 1276 1655 uon
1292 1592 1394 1656 solum
1410 1609 1449 1654 an
1467 1592 1551 1655 dicto

177 1701 377 1785 procuratori
400 1700 496 1764 luerit
518 1699 634 1763 tactum
658 1698 835 1782 legitimum
858 1697 1043 1763 mandatum
1066 1703 1099 1763 et
1113 1698 1268 1763 sufficiens
1282 1698 1321 1762 ad
1337 1698 1424 1762 illum
1441 1702 1548 1762 actum

176 1808 410 1893 peragendum,
431 1806 484 1872 sed
507 1807 665 1871 etiamen
687 1805 763 1869 illud
785 1805 893 1884 duret,
915 1825 955 1872 an
979 1824 1053 1870 vero
1075 1807 1116 1872 sit
1140 1808 1323 1883 resolutum,
1339 1807 1385 1871 vel
1408 1807 1548 1891 legitime

177 1922 369 1983 revocatum.

266 2019 296 2088 4.
319 2024 470 2090 Resoluta
500 2024 582 2088 cuim
615 2025 662 2089 vei
694 2030 838 2090 revocato
870 2025 1017 2090 mandato
1048 2027 1191 2109 perinde·
1208 2032 1256 2093 est
1285 2043 1322 2090 ac
1345 2025 1370 2091 si
1398 2026 1437 2089 ab
1461 2024 1551 2089 initio

177 2132 295 2197 iactum
318 2149 381 2195 non
404 2130 525 2208 inisset,
549 2149 616 2214 cap.
632 2151 673 2196 aa
687 2134 915 2212 insinuatione,
937 2143 965 2199 α
989 2152 1057 2215 cap.
1079 2136 1115 2199 in
1138 2143 1248 2199 nostra
1266 2143 1345 2199 extr.
1360 2133 1396 2197 de
1408 2150 1549 2214 procur,

179 2240 268 2304 Alea.
290 2259 373 2305 eona
400 2235 463 2302 164
485 2259 516 2305 n.
538 2236 561 2303 4
582 2242 617 2303 in
637 2243 741 2323 pune.
766 2251 838 2323 post
869 2239 964 2307 Gloss.
987 2243 1022 2305 in
1046 2261 1115 2333 cap.
1137 2241 1158 2303 2
1182 2244 1218 2306 in
1240 2241 1321 2306 narb.
1342 2243 1410 2323 ipso
1432 2241 1549 2304 volente

179 2345 229 2411 til.
251 2342 290 2424 6,
313 2346 405 2410 Beer.
426 2348 514 2411 decis.
536 2344 602 2409 274
624 2366 655 2411 n.
678 2344 709 2424 6,
733 2348 802 2413 lina
826 2349 914 2412 decis.
936 2344 1002 2413 469
1025 2370 1057 2416 n.
1079 2349 1094 2413 1
1117 2347 1551 2432 par.21iecent.,cumaliis

178 2454 261 2534 apud
284 2454 371 2520 Vani.
393 2455 430 2518 de
452 2456 555 2519 nollit.
577 2458 613 2519 in
635 2457 680 2519 tit.
701 2456 739 2519 de
753 2458 858 2520 nollit.
872 2474 913 2521 aa
936 2456 1043 2543 defeci.
1067 2459 1219 2523 inhabilia.
1235 2476 1290 2522 sea
1310 2457 1418 2522 mand.
1438 2477 1469 2523 n.
1487 2455 1549 2519 155

178 2575 253 2623 vera
274 2562 331 2643 qui
353 2579 425 2643 erpo
445 2580 466 2624 α
486 2564 667 2644 pnncipio,
692 2563 793 2628 Jacob.
824 2564 977 2630 Laurent.
999 2568 1035 2632 de
1052 2567 1151 2650 judic.
1185 2576 1314 2648 suspect.
1337 2584 1405 2649 cap.
1427 2562 1448 2628 6
1471 2564 1545 2628 n.7

176 2668 213 2730 in
233 2668 285 2749 iu.
308 2679 335 2732 et
358 2689 389 2732 n
411 2666 462 2734 36.

267 2775 295 2839 a.
319 2775 498 2843 Dummodo
522 2779 591 2844 talis
612 2783 768 2847 revocatio
790 2782 887 2847 inerit
910 2784 972 2849 rite
993 2790 1027 2849 et
1041 2789 1127 2850 recte
1143 2786 1241 2862 taam,
1256 2786 1392 2866 alioquin
1408 2785 1432 2849 si
1450 2785 1546 2849 buerit

177 2883 258 2948 iacta
282 2884 426 2962 nulliter,
449 2888 552 2951 omnia
586 2895 671 2973 gesta
694 2909 751 2973 per
781 2891 904 2958 dictum
936 2901 1173 2974 procuratorem
1198 2896 1301 2961 valent
1328 2914 1388 2978 pro
1412 2901 1547 2979 utraque

177 2997 284 3076 parte,
311 2991 483 3060 Sebastiam
506 2994 616 3061 Medic.
638 2999 727 3063 decis.
751 3000 874 3064 Murci.
896 3000 917 3062 2
940 3020 970 3065 n.
995 3002 1033 3077 1,
1058 3009 1092 3069 et
1114 3023 1169 3070 nos
1189 3006 1262 3070 alibi
1285 3004 1434 3070 diximus

265 3098 294 3166 6.
317 3103 503 3169 Mandatum
535 3112 642 3172 autem
674 3109 841 3174 resolvitur
863 3115 896 3176 et
919 3116 1104 3191 revocatur,
1125 3117 1182 3177 aut
1202 3112 1358 3177 contraria
1387 3111 1549 3176 voluntate

176 3211 368 3290 mandantis,
390 3217 445 3277 aut
467 3230 508 3277 ex
531 3215 635 3295 aliquo
665 3215 747 3281 illius
768 3217 868 3296 iacto,
890 3223 948 3283 aut
978 3236 1019 3283 ex
1049 3220 1283 3284 renunciatione
1315 3217 1550 3300 procuratoris,

174 3323 231 3382 aut
252 3337 287 3383 re
309 3320 373 3401 ipsa
404 3321 521 3402 absque
544 3322 606 3387 ullo
639 3323 720 3388 iacto
753 3325 928 3391 mandantis
950 3328 998 3392 vel
1020 3330 1241 3410 procuratoris
1272 3329 1319 3392 De
1345 3328 1476 3411 singulis
1498 3332 1545 3390 est
1608 3329 1612 3334 '

175 3427 324 3507 separatis
345 3433 377 3492 et
399 3428 554 3494 distinctis
576 3432 728 3514 capitibus
750 3434 917 3517 agendum.
942 3436 1111 3500 Videamus
1134 3437 1238 3516 itaque
1261 3437 1381 3518 primo:
1399 3436 1440 3500 de
1460 3454 1550 3500 revo-

175 3534 295 3599 catione
317 3551 398 3613 quae
420 3554 462 3600 ex
484 3540 637 3603 contraria
664 3542 822 3607 voluntate
846 3544 1021 3609 mandantis
1042 3560 1187 3626 expresse
1208 3544 1356 3627 explicita
1379 3544 1547 3609 inducitur.

176 3640 265 3706 Circa
288 3659 382 3721 quam
407 3644 522 3726 triplex
544 3652 592 3710 est
620 3647 793 3713 adhibenda
825 3651 993 3733 inspectio;
1016 3654 1141 3733 Prima;
1165 3670 1204 3716 au
1234 3657 1423 3734 procurator
1452 3652 1546 3716 semel

175 3749 363 3815 constitutus
395 3752 491 3834 possit
524 3756 681 3832 revocari3
717 3757 876 3840 Secunda;
906 3778 947 3823 an
984 3760 1163 3828 indistincte
1193 3759 1277 3825 dicta
1310 3758 1467 3824 revocatio
1507 3758 1549 3822 sit

175 3856 343 3936 permissa3
364 3859 489 3935 Tertia;
512 3879 550 3924 au
572 3862 604 3925 iu
628 3865 748 3928 casibus
778 3866 808 3928 in
839 3868 954 3948 quibus
983 3875 1030 3935 est
1060 3870 1163 3946 licita,
1193 3870 1235 3932 sit
1265 3868 1434 3932 necessaria
1467 3866 1548 3931 illius

175 3967 348 4044 intimatio,
370 3972 404 4033 et
424 3970 476 4032 cui
498 3969 539 4033 ait
561 3969 707 4035 iacienda.

262 4072 292 4136 7.
315 4074 405 4140 Circa
428 4075 562 4157 primam
585 4078 825 4161 inspectionem,
847 4085 930 4149 sicut
947 4083 1127 4149 mandatum
1143 4082 1207 4147 solo
1222 4100 1371 4148 consensu
1387 4082 1547 4147 inducitur

175 4186 208 4246 et
230 4182 412 4263 perficitur,
440 4184 472 4246 L.
498 4183 514 4246 l
537 4185 569 4269 ff
586 4188 622 4251 dc
642 4206 788 4269 pronon,
811 4189 846 4254 L.
870 4207 1023 4254 censeam
1041 4190 1073 4272 ff
1090 4190 1126 4254 de
1150 4200 1209 4256 aet.
1232 4200 1259 4255 at
1280 4190 1366 4270 ollio.
1389 4177 1487 4253 instit.
1509 4187 1545 4249 de

175 4289 286 4353 mand.
307 4291 343 4353 in
362 4293 466 4370 princ.

264 4421 282 4460 a
308 4401 495 4467 Mandatum
518 4406 566 4468 est
587 4421 629 4467 ex
651 4421 688 4468 eo
711 4422 824 4488 genere
853 4410 1075 4470 contractuum
1098 4406 1154 4488 qui
1176 4404 1240 4470 solo
1270 4422 1419 4471 consemu
1451 4403 1546 4487 perii-

176 4531 194 4570 a
218 4510 365 4586 ciuntur,
384 4510 453 4577 Ilot.
468 4514 503 4578 in
528 4514 671 4580 Manlios.
691 4515 736 4578 ud
759 4513 852 4581 Cord
867 4515 903 4578 de
927 4515 1003 4580 Luc.
1027 4515 1063 4578 de
1087 4516 1193 4579 credie.
1215 4525 1243 4579 et
1270 4513 1357 4578 debit.
1381 4513 1429 4576 lib.
1451 4508 1474 4575 8
1494 4512 1548 4575 de-

177 4640 195 4678 a
220 4622 274 4684 cis.
294 4617 340 4684 24
362 4639 394 4684 n.
417 4616 438 4682 2
461 4631 535 4686 tom.
557 4619 586 4686 3.

264 4725 294 4792 8.
317 4728 364 4793 lta
388 4747 513 4810 quoque
535 4730 598 4796 solo
620 4749 770 4797 consensu
793 4738 826 4796 et
849 4733 1003 4796 contraria
1028 4732 1187 4796 voluntate
1218 4727 1356 4794 revocari
1387 4743 1475 4809 posse
1497 4725 1546 4789 di-

175 4837 309 4900 cendum
332 4843 397 4914 est,
423 4836 457 4902 L.
482 4857 554 4902 cnm
588 4839 754 4906 Cornelius
774 4839 859 4922 lide
882 4841 990 4916 solut,
1023 4839 1055 4904 L.
1078 4849 1151 4904 anie
1181 4839 1265 4903 litem
1285 4836 1316 4918 ff
1334 4835 1372 4899 de
1400 4850 1546 4918 praeca,
