3734 5750
305 324 376 412 asa
736 338 935 411 sonorior
958 301 1248 408 csscrnnacr.

308 541 326 579 (ι
351 519 383 582 in
406 522 514 583 ventre
535 514 620 596 quod
643 532 705 577 non
727 517 852 579 tantum
875 515 1080 595 acceptentur
1102 512 1221 587 literae,
1237 509 1289 575 sed
1312 511 1531 594 compleantur
1550 518 1582 582 et
1603 531 1682 583 cum

308 653 325 691 a
350 627 464 693 ellectu
487 627 543 691 fiat
564 642 581 688 a
605 621 801 689 mandataric
822 621 958 699 solutio,
980 620 1055 684 alins
1074 619 1225 684 creditori
1248 623 1408 701 competat
1430 637 1588 704 regressus
1606 640 1687 688 cnu-

307 762 325 800 ι
350 744 400 804 tra
423 735 613 801 scribentem
635 738 669 798 et
691 731 910 809 mandantem,
933 729 1005 793 ibid.
1029 747 1060 791 o.
1087 725 1136 791 19.

397 869 414 905 «
439 844 571 923 Quando
595 846 695 907 tracta
727 840 788 903 iuit
819 842 978 920 acceptata
1001 839 1032 901 in
1056 842 1199 918 tempore
1228 835 1343 914 babili,
1365 837 1482 902 scilicet
1512 842 1684 917 antequam

309 980 325 1016 ι
351 958 537 1035 sequeretur
560 948 736 1015 mandantis
765 945 924 1024 decoctio,
947 945 1082 1024 ideoque
1114 941 1297 1008 maudutum
1319 960 1377 1025 per
1402 947 1536 1009 mortem
1559 944 1686 1009 civilem

310 1086 326 1124 c
353 1062 450 1145 ipsius
472 1057 645 1124 mandantis
667 1055 807 1120 nondum
830 1055 1042 1136 expiraverat,
1056 1058 1090 1116 et
1112 1058 1188 1118 tunc
1210 1052 1278 1135 ejus
1297 1052 1487 1118 decoctionis
1506 1053 1684 1136 periculum

310 1194 327 1233 ι
352 1178 400 1237 est
422 1167 607 1233 mandatarii
630 1165 685 1246 qui
707 1165 814 1229 literas
834 1163 1025 1245 acceptavit,
1050 1159 1146 1227 earu
1167 1162 1204 1224 dc
1229 1162 1310 1227 Luc,
1330 1161 1366 1225 dc
1389 1161 1520 1226 comdiis
1539 1162 1614 1225 disc.
1637 1160 1684 1223 20

310 1305 328 1343 c
354 1299 444 1346 uum.
466 1276 496 1342 2.

399 1411 416 1447 a
441 1382 571 1456 Quando
596 1387 705 1447 antem
731 1385 850 1445 tractae
872 1379 1046 1462 acceptatio
1071 1383 1204 1458 sequuta
1220 1378 1282 1443 luit
1296 1394 1334 1440 re
1348 1395 1409 1442 oon
1425 1378 1549 1461 integra
1564 1383 1600 1444 et
1615 1383 1686 1459 post

311 1517 329 1555 a
353 1497 415 1577 jam
438 1493 621 1575 expiratum
645 1489 828 1554 mandatum
853 1504 910 1569 per
931 1487 1108 1552 mandantis
1130 1491 1266 1551 mortem
1290 1485 1335 1550 vel
1368 1487 1544 1551 naturalem
1565 1487 1614 1552 vel
1639 1488 1685 1552 ci·

311 1622 328 1659 «
354 1602 443 1665 vilem
459 1617 499 1663 ex
515 1597 678 1664 deuotione
693 1595 919 1673 resultantem,
934 1596 1078 1676 quamvis
1101 1594 1242 1659 nonnulli
1264 1594 1443 1661 indistincte
1464 1601 1592 1661 teneant
1611 1615 1686 1660 con-

311 1734 328 1769 a
356 1717 403 1775 tm
426 1711 639 1791 acceptantem
662 1704 752 1785 quasi
775 1703 859 1783 quod
876 1704 920 1766 ita
937 1720 995 1783 pro
1017 1703 1174 1767 scribente
1198 1686 1381 1785 fidejussisse
1403 1703 1510 1784 potius
1532 1702 1684 1784 videatur,

311 1841 329 1879 α
353 1824 449 1899 atque
470 1816 581 1880 debeat
602 1832 668 1878 esse
690 1812 867 1895 periculum
891 1811 1081 1876 decoctionis
1105 1810 1188 1874 illius
1202 1810 1258 1891 qui
1272 1809 1394 1874 decocti
1414 1810 1509 1875 iidem
1531 1815 1685 1890 sequrdus

305 1945 329 1991 'c
353 1936 419 2005 est,
443 1925 645 1993 nihilominus
665 1925 758 2005 juxta
780 1920 880 2002 magis
910 1935 1110 1984 communem
1133 1922 1167 1982 et
1188 1920 1345 2000 receptam
1367 1918 1548 2001 opinionem
1572 1916 1681 1982 distin-

313 2067 330 2105 (ι
354 2043 417 2108 ιιὶο
440 2044 508 2115 est,
531 2034 615 2116 quod
639 2036 696 2096 aut
717 2032 756 2096 de
780 2032 922 2111 tempore
944 2027 1164 2109 acceptationis
1185 2043 1274 2091 casus
1303 2004 1492 2090 decoctionis
1513 2027 1683 2107 acceptasti

313 2174 330 2212 ι
356 2144 568 2215 verisimiliter
598 2139 744 2223 cognitus
765 2155 830 2202 esse
852 2140 994 2219 poterat,
1015 2141 1049 2200 et
1072 2140 1148 2200 tunc
1169 2135 1227 2199 sibi
1250 2134 1469 2217 imputandum
1492 2140 1558 2213 est,
1581 2135 1624 2199 ita
1646 2139 1682 2198 ut

313 2283 330 2320 a
355 2258 440 2323 dicto
463 2271 536 2318 casu
561 2267 623 2314 ocu
645 2248 797 2325 obstante,
819 2244 858 2309 ad
879 2243 1068 2309 solutionem
1092 2242 1257 2307 literarum
1280 2241 1392 2306 cambii
1414 2260 1493 2324 quas
1514 2238 1683 2325 acceptarit

314 2392 330 2427 a
357 2368 520 2438 teneatur,
540 2362 598 2435 aut
620 2361 718 2421 cessat
740 2355 823 2418 dicta
847 2353 1023 2418 verisimilis
1044 2351 1168 2430 notitia,
1184 2358 1218 2416 et
1233 2351 1344 2416 debeat
1363 2352 1517 2429 excusari,
1531 2369 1607 2416 curn
1621 2353 1683 2434 ejus

315 2498 332 2534 α
357 2468 537 2554 acceptandi
560 2465 683 2530 animus
704 2465 868 2526 censeatur
891 2460 986 2524 rebus
1000 2460 1030 2523 in
1045 2459 1156 2523 eodem
1179 2463 1265 2524 statu
1288 2459 1543 2541 permanentibus
1565 2464 1681 2523 etcum

313 2608 330 2645 a
355 2576 592 2666 praesupposito
614 2570 806 2654 integritatis
829 2568 1022 2647 mandantis,
1039 2566 1134 2633 Ccrd
1149 2568 1185 2631 dc
1200 2567 1278 2632 Luc.
1292 2567 1329 2632 de
1351 2567 1479 2631 combis
1500 2567 1530 2630 d
1552 2566 1630 2630 disc.
1643 2563 1684 2626 uo

312 2718 330 2756 n
354 2691 412 2756 sub
435 2690 465 2753 d.
487 2705 519 2751 n.
542 2684 592 2748 2.·

401 2819 419 2858 c
444 2798 480 2861 ln
503 2793 662 2879 proposito
685 2795 793 2856 autem
816 2789 983 2855 literarum
1004 2789 1117 2853 cambii
1139 2787 1301 2854 sciendum
1323 2788 1480 2870 estquod
1495 2788 1634 2871 scriptor
1646 2787 1681 2850 li

315 2932 332 2971 c
357 2912 501 2972 terarum
525 2902 608 2986 gerit
630 2917 794 2984 pomonam
817 2897 1011 2964 mandantis:
1035 2898 1085 2963 ille
1107 2900 1159 2963 cui
1180 2904 1256 2965 sunt
1276 2899 1431 2977 directae,
1453 2904 1487 2963 et
1508 2904 1557 2964 est
1578 2916 1684 2963 earum

313 3039 330 3078 «
355 3016 542 3096 acceptator,
557 3010 674 3075 dicitur
690 3007 904 3072 mandatarius
918 3011 952 3072 et
965 3005 1103 3089 adiectus
1118 3008 1169 3072 cui
1184 3007 1301 3072 solutio
1313 3007 1501 3071 dernandata
1515 3012 1573 3084 est,
1589 3004 1681 3071 Ccrd

313 3146 331 3184 c
356 3123 393 3187 dc
418 3119 495 3184 Luc.
516 3119 553 3183 de
575 3117 706 3182 cambiis
726 3117 754 3180 d.
778 3116 851 3180 disc.
873 3112 917 3177 20
941 3133 973 3180 n.
994 3112 1025 3180 3.

403 3250 420 3289 a
445 3225 530 3305 Quid
553 3243 627 3290 vero
650 3225 704 3290 ubi
726 3243 788 3289 nou
812 3231 877 3290 tres
900 3228 1024 3290 tautum
1047 3241 1195 3307 personae
1218 3229 1292 3289 sunt
1307 3225 1337 3288 iu
1352 3242 1457 3302 scena,
1471 3225 1523 3290 sed
1545 3230 1682 3305 quatuor

313 3362 330 3398 a
358 3336 584 3411 interveniunt,
606 3333 660 3398 ubi
683 3332 799 3398 scilicet
815 3332 918 3397 Titius
932 3333 1042 3424 scribit
1057 3333 1127 3413 Seio
1148 3332 1234 3413 quod
1257 3332 1356 3397 solvat
1377 3330 1451 3412 Caq'o
1472 3349 1568 3413 supra
1590 3334 1683 3397 send

313 3471 331 3510 a
355 3449 539 3527 compotum
559 3442 746 3523 Sempronii
760 3440 904 3522 quisnam
927 3441 1053 3506 dicatur
1075 3442 1224 3505 mandans
1244 3457 1299 3505 seu
1322 3440 1546 3517 mandatarius,
1563 3442 1685 3519 require

315 3578 332 3616 o
356 3553 441 3639 apud
463 3550 609 3616 eumdem
635 3548 732 3615 Cord
753 3550 790 3613 de
815 3549 892 3613 Luc.
914 3549 969 3614 udi
990 3566 1091 3630 supro
1114 3569 1145 3613 n.
1168 3544 1198 3613 l.

401 3682 419 3721 a
443 3657 603 3742 Obligatic
624 3658 813 3740 acceptastis
833 3656 941 3723 literas
962 3658 1074 3722 cambii
1103 3659 1247 3738 quamvis
1268 3673 1331 3721 non
1353 3658 1467 3724 babeat
1489 3660 1521 3722 in
1545 3662 1686 3725 manibus

313 3792 331 3830 c
357 3767 395 3832 de
418 3766 580 3833 effectibus
601 3765 781 3840 scribentis,
804 3766 948 3847 quinimo
970 3766 1066 3830 etiam
1091 3767 1145 3831 ubi
1169 3768 1228 3833 iste
1243 3772 1317 3832 ante
1331 3767 1517 3834 solutionem
1534 3770 1685 3852 pendente

314 3902 331 3940 r
357 3877 493 3943 termino
516 3875 700 3948 detexisset,
723 3874 847 3953 quoties
861 3874 901 3937 de
916 3878 1060 3956 tempore
1074 3874 1297 3957 acceptationis
1310 3879 1391 3939 esset
1406 3876 1437 3939 in
1452 3879 1539 3940 statu
1556 3877 1686 3961 integro,

315 4013 332 4050 a
358 3984 500 4071 procedit
521 3984 647 4064 quaudo
669 3980 910 4064 correspcusalis
933 3983 985 4047 cui
1008 3983 1116 4047 literae
1139 3982 1277 4047 directae
1299 3987 1391 4058 sunt,
1414 3981 1480 4047 illas
1501 3983 1684 4065 simpliciter

313 4117 330 4155 c
355 4097 498 4176 acceptat
520 4108 556 4155 ac
580 4091 759 4174 promittit,
782 4108 857 4154 cum
880 4096 957 4156 tunc
980 4091 1030 4155 ille
1051 4093 1103 4155 cui
1134 4091 1296 4157 solvendae
1326 4097 1417 4170 sunt,
1438 4097 1579 4158 cessante
1609 4090 1687 4157 mala

315 4225 332 4261 ι
358 4202 418 4266 lide
440 4207 472 4267 et
493 4200 661 4266 collusione
684 4199 873 4281 acceptantis
897 4197 943 4263 vel
968 4200 1181 4282 promittentis
1203 4201 1297 4265 iidem
1319 4202 1426 4283 potius
1446 4203 1538 4283 sequi
1551 4202 1690 4280 dicatur,

315 4329 332 4369 a
357 4317 452 4389 atque
476 4311 574 4375 intrat
595 4308 755 4389 quaestio,
778 4326 816 4371 an
846 4308 1034 4390 promittens
1064 4308 1190 4372 dicatur
1214 4308 1375 4390 fidejussor
1396 4326 1450 4374 seu
1474 4311 1691 4392 expromissor

315 4443 332 4480 a<
357 4419 528 4497 scribentis,
548 4421 640 4501 juxta
671 4434 766 4481 unam
788 4417 968 4498 opinionem
990 4416 1075 4499 apud
1097 4416 1312 4501 negociatores
1333 4423 1366 4482 et
1389 4418 1420 4481 in
1442 4416 1518 4483 iocis
1546 4435 1692 4482 mercan-

315 4548 332 4586 (ι
359 4525 465 4590 tiiibus
487 4527 587 4609 magis
616 4527 794 4606 receptam,
817 4526 864 4589 rel
883 4525 1002 4607 ,potius
1031 4524 1160 4589 dicatur
1187 4525 1413 4604 mandatarius,
1439 4526 1532 4608 juxta
1556 4524 1693 4590 alteram

315 4632 535 4714 «opinionem
559 4651 653 4713 quam
683 4640 863 4714 sequuntur
893 4633 963 4699 Rot.
995 4632 1150 4701 etCurio
1182 4635 1331 4699 Romano
1361 4654 1396 4700 ac
1425 4635 1521 4701 etiarn
1553 4635 1693 4702 Sacrum

315 4761 331 4799 o
358 4737 540 4815 Consilium,
563 4739 684 4820 aliaque
706 4743 887 4808 Tribunalia
910 4744 1012 4827 Regni
1035 4742 1237 4826 Neapolitani,
1264 4743 1360 4811 Ccrd
1383 4744 1420 4808 dc
1439 4744 1514 4808 Luc.
1528 4745 1566 4808 de
1582 4745 1697 4809 eredit.

316 4871 333 4909 a
359 4856 386 4912 et
409 4846 497 4911 debit.
510 4846 592 4911 'disc
613 4845 656 4911 85
678 4865 719 4914 c,
733 4849 763 4915 2.
