3734 5750
513 355 569 422 ΒΕ
594 352 1092 424 99091913991993319.
1115 356 1245 424 LXlXs
1496 360 1560 428 357

253 518 306 590 93.
328 523 378 587 Aa
400 523 662 590 renunciandum
684 523 925 606 fideicommissa

253 630 306 698 23.
328 633 378 697 Ad
397 632 569 716 petendam
591 632 828 714 deputationem
848 635 1019 697 oeconomi.

253 738 305 804 25.
328 739 379 803 Aa
395 740 594 822 praedictam
617 741 851 821 deputationem
872 742 1066 821 faciendam.

254 843 306 911 26.
329 846 380 911 Ad
401 847 681 929 recopnoscendam
700 850 864 929 priuatam
886 851 1092 929 scripturam.

254 957 306 1021 27.
329 958 378 1022 Ad
399 958 670 1023 interveniendum
692 959 728 1022 in
752 960 857 1023 causis
879 960 1108 1025 criminalibus

255 1062 307 1130 28.
332 1067 399 1131 Pro
421 1066 611 1147 reparandis
632 1067 852 1130 instrumentis
873 1075 1024 1132 uetustate
1047 1075 1214 1153 corruptis

254 1171 307 1237 29.
331 1174 398 1238 Pro
416 1173 553 1255 petenda
574 1174 666 1237 laudi
685 1173 867 1239 reductione
889 1174 934 1237 ad
954 1176 1129 1241 arbitrium
1151 1179 1225 1243 boni
1246 1182 1316 1244 ciri.
1374 1219 1377 1228 ι

256 1278 308 1344 39.
333 1282 399 1346 Pro
417 1282 553 1363 petenda
574 1283 756 1346 executione
778 1288 826 1345 rei
841 1282 1015 1360 judicatae.

256 1388 308 1455 31.
329 1391 427 1456 Faitit
449 1392 477 1454 si
498 1410 563 1455 non
579 1391 681 1473 suerit
703 1393 892 1472 oppositum.
1004 1443 1007 1450 .
1470 1449 1472 1454 ,

256 1499 308 1565 33
332 1499 462 1564 Fodit
448 1517 484 1562 sn
504 1511 716 1581 procuratore
735 1501 878 1580 penerati
898 1500 942 1564 ad
963 1501 1030 1564 tites
1048 1510 1281 1582 prouenisset
1300 1505 1442 1585 suturas

255 1604 309 1671 33.·
329 1608 469 1673 Dummo
490 1609 525 1672 ei
540 1606 676 1672 directae
696 1609 835 1671 actiones
857 1609 921 1672 sint
944 1610 1123 1691 aequitiae
1447 1647 1450 1668 ι

253 1710 305 1779 33.
330 1712 483 1780 Similiter
504 1715 636 1795 speciale
657 1715 849 1780 mandatum
864 1717 1056 1799 requiritur
1062 1718 1105 1781 aa
1127 1717 1354 1801 defendendum
1377 1721 1492 1803 atteia

386 1822 482 1885 tem'
469 1841 505 1886 sn
527 1823 696 1886 siudicatu

254 1925 481 2012 3391119999
499 1936 600 2010 potest
618 1930 656 1993 in
678 1930 760 1994 dicto
777 1929 901 2011 judicio
920 1948 987 2013 per
1001 1915 1243 2014 procuratorem
1267 1952 1299 1998 se
1320 1934 1492 2018 defmdere.

254 2035 527 2121 tuscumque
550 2039 728 2121 requiritur
748 2040 786 2104 in
808 2041 1018 2106 instructione
1034 2040 1154 2122 putten
1176 2042 1214 2106 de
1244 2043 1340 2106 tibere
1367 2043 1493 2107 bomine

303 2165 312 2180 ·
384 2145 564 2210 cohibendo.

256 2250 308 2317 37.
331 2252 376 2318 tn
398 2262 434 2317 ut
466 2254 549 2320 aiter
580 2272 621 2319 ea
651 2255 771 2320 duobus
798 2258 1064 2339 procuratoribus
1096 2258 1291 2338 penuadbus
1320 2258 1360 2323 ab
1388 2258 1492 2322 attero

255 2403 258 2406 -
386 2364 500 2444 caipnt.

253 2466 306 2534 38.
330 2468 396 2533 Pro
418 2471 627 2537 soiutionibus
648 2472 845 2553 recipiendis

252 2574 306 2642 39.
327 2574 377 2640 Aa
399 2577 594 2660 offerendum
616 2596 767 2660 eampum
789 2597 850 2662 pro
872 2580 1033 2662 sinputori
1054 2583 1237 2646 certamine.

249 2681 305 2749 39.
330 2685 397 2750 Pro
418 2704 617 2770 quocumque
637 2688 765 2768 nepocio
787 2689 891 2754 arduo
915 2688 1112 2769 suplicando.

251 2792 307 2860 31.
328 2792 432 2879 Atque
454 2797 490 2859 in
513 2815 548 2860 eo
570 2814 611 2860 ea
631 2814 694 2880 quo
716 2795 912 2863 diminuitur
933 2797 1040 2862 cuitus
1061 2797 1189 2861 diuinus
1210 2805 1238 2860 et
1262 2796 1429 2861 Ecetesiae.

252 2900 308 2969 33
332 2902 382 2966 Ad
404 2905 603 2986 eaipendum.

249 3007 306 3075 38.
330 3011 397 3076 Pro
416 3013 551 3094 petenda
572 3014 756 3085 executione
778 3013 976 3096 mimabonis
997 3016 1174 3081 cameratis.
1308 3054 1310 3057 -

249 3114 307 3184 33.
331 3120 398 3184 Pro
420 3122 660 3187 auctorizaudis
682 3122 906 3188 mnomntms
922 3122 1011 3205 juris
1030 3133 1235 3204 potronatus.

250 3224 307 3293 35.
329 3227 380 3292 Aa
399 3230 570 3312 petendam
593 3232 824 3297 restitutionem
845 3232 882 3295 in
903 3232 1073 3312 inicorum.

251 3332 308 3403 35.
330 3334 381 3399 Ad
401 3337 588 3419 faciendum
609 3346 700 3403 actus
721 3356 763 3402 ea
784 3338 897 3419 quibus
917 3340 1078 3404 mandans
1100 3348 1242 3403 remanet
1263 3338 1425 3419 obtipatus.

249 3443 306 3512 37.
331 3447 397 3511 Pro
420 3449 581 3530 capiendis
602 3456 718 3513 mutuo
736 3450 891 3531 pecuniis,
911 3450 960 3514 oet
981 3449 1038 3569 sub
1060 3449 1207 3529 cambiis,
1218 3448 1275 3513 oet
1296 3448 1339 3512 ad
1361 3447 1491 3513 societa-

470 3573 489 3617 o

251 3658 307 3726 38.
332 3557 610 3744 mmmm
633 3664 787 3747 beneicm
799 3664 1028 3731 Ecclesiastico

249 3767 308 3836 39.
332 3771 400 3836 Pro
422 3770 581 3854 93193939
604 3781 633 3838 et
656 3773 854 3856 mimpirndo
875 3776 1095 3941 quodcumque
1111 3774 1345 3856 iuramentum

251 3879 305 3946 59.
328 3880 376 3945 Ad
394 3880 591 3963 ponendum.

252 3987 305 4054 51.
327 3986 376 4052 Aa
398 3989 651 4070 respondendnm
670 3992 930 4073 positionibus

251 4093 305 4160 53
329 4095 380 4160 Aa
401 4098 568 4162 emendum
587 4116 650 4180 pro
672 4098 808 4165 dmnino.
882 4084 886 4097 '

252 4201 305 4269 53.
327 4203 378 4268 Ad
399 4206 584 4288 faciendum
607 4209 859 4275 instrumentum
874 4211 930 4276 sub
944 4213 1014 4277 atio
1025 4216 1142 4329 [9999.
1159 4229 1258 4295 quam
1272 4221 1347 4277 esset
1361 4226 1382 4275 a
1394 4212 1488 4294 priu-

385 4313 483 4394 cipabi
504 4317 646 4397 tactum

252 4416 306 4485 53.
328 4419 377 4486 Aa
395 4423 566 4503 puendum
587 4424 727 4488 rescindi
743 4429 869 4509 sactum
890 4447 912 4493 a
936 4428 1071 4494 damino.

254 4527 307 4594 55.
336 4529 388 4594 Vei
407 4528 451 4593 nd
471 4531 552 4596 iitud
572 4533 767 4598 mutandum
785 4543 882 4619 otpuc
903 4538 1116 4603 aturandum.

217 4652 221 4657 ”
252 4633 305 4702 58.
331 4638 398 4702 Pro
421 4640 637 4708 sansonesca
658 4643 810 4709 nasute.
925 4686 928 4692 n
1055 4710 1058 4719 ‚
1146 4692 1148 4703 ,

253 4744 307 4811 57.
331 4748 400 4813 Pro
422 4750 493 4830 ipsa
513 4750 691 4816 revocanda
714 4760 743 4816 rt
765 4752 953 4817 disdicsnda
1020 4790 1022 4799 ·
1056 4796 1059 4807 ·
1139 4784 1142 4791 »

254 4849 307 4918 58.
332 4855 400 4919 Pro
423 4857 639 4923 mutroneuta
660 4860 804 4926 socictate
825 4861 926 4943 onisii.
960 4884 974 4905 s-
1112 4892 1115 4901 ·
