<?xml version="1.0" encoding="UTF-8"?>
<!DOCTYPE html PUBLIC "-//W3C//DTD XHTML 1.0 Transitional//EN"
    "http://www.w3.org/TR/xhtml1/DTD/xhtml1-transitional.dtd">
<html xmlns="http://www.w3.org/1999/xhtml" xml:lang="en" lang="en">
 <head>
  <title>
</title>
<meta http-equiv="Content-Type" content="text/html;charset=utf-8" />
  <meta name='ocr-system' content='tesseract 3.04.00' />
  <meta name='ocr-capabilities' content='ocr_page ocr_carea ocr_par ocr_line ocrx_word'/>
</head>
<body>
  <div class='ocr_page' id='page_1' title='image "./tractatusdeproc00cencgoog_0382.png"; bbox 0 0 3734 5750; ppageno 0'>
   <div class='ocr_carea' id='block_1_1' title="bbox 308 357 1292 442">
    <p class='ocr_par' dir='ltr' id='par_1_1' title="bbox 308 357 1292 442">
     <span class='ocr_line' id='line_1_1' title="bbox 308 357 1292 442; baseline -0.006 -10"><span class='ocrx_word' id='word_1_1' title='bbox 308 359 374 432; x_wconf 73' lang='lat' dir='ltr'>aar</span> <span class='ocrx_word' id='word_1_2' title='bbox 737 357 938 428; x_wconf 84' lang='lat' dir='ltr'>uuuuvrar</span> <span class='ocrx_word' id='word_1_3' title='bbox 961 357 1082 426; x_wconf 83' lang='lat' dir='ltr'>uuucr</span> <span class='ocrx_word' id='word_1_4' title='bbox 1106 359 1253 427; x_wconf 74' lang='lat' dir='ltr'>ruaar.</span> <span class='ocrx_word' id='word_1_5' title='bbox 1289 437 1292 442; x_wconf 51' lang='grc'><strong>,</strong></span> 
     </span>
    </p>
   </div>
   <div class='ocr_carea' id='block_1_2' title="bbox 309 524 1690 4297">
    <p class='ocr_par' dir='ltr' id='par_1_2' title="bbox 309 524 1678 724">
     <span class='ocr_line' id='line_1_2' title="bbox 397 524 1678 613; baseline -0.002 -16"><span class='ocrx_word' id='word_1_6' title='bbox 397 531 557 598; x_wconf 73' lang='grc' dir='ltr'><strong>26.Χ71.</strong></span> <span class='ocrx_word' id='word_1_7' title='bbox 581 530 629 596; x_wconf 73' lang='lat' dir='ltr'>Aa</span> <span class='ocrx_word' id='word_1_8' title='bbox 657 529 899 613; x_wconf 80' lang='lat' dir='ltr'>proropandum</span> <span class='ocrx_word' id='word_1_9' title='bbox 932 530 1210 610; x_wconf 73' lang='lat' dir='ltr'>compromissum,</span> <span class='ocrx_word' id='word_1_10' title='bbox 1235 528 1343 593; x_wconf 79' lang='lat' dir='ltr'>Paria</span> <span class='ocrx_word' id='word_1_11' title='bbox 1376 546 1458 595; x_wconf 79' lang='lat' dir='ltr'>aona</span> <span class='ocrx_word' id='word_1_12' title='bbox 1490 525 1557 596; x_wconf 86' lang='grc'>136</span> <span class='ocrx_word' id='word_1_13' title='bbox 1579 551 1611 598; x_wconf 88' lang='lat' dir='ltr'>n.</span> <span class='ocrx_word' id='word_1_14' title='bbox 1636 524 1678 595; x_wconf 99' lang='grc'>16</span> 
     </span>
     <span class='ocr_line' id='line_1_3' title="bbox 309 637 1130 724; baseline -0.013 -12"><span class='ocrx_word' id='word_1_15' title='bbox 309 647 357 712; x_wconf 80' lang='lat' dir='ltr'>lii.</span> <span class='ocrx_word' id='word_1_16' title='bbox 379 642 410 724; x_wconf 91' lang='grc'>6,</span> <span class='ocrx_word' id='word_1_17' title='bbox 432 649 541 710; x_wconf 82' lang='lat' dir='ltr'>etuas</span> <span class='ocrx_word' id='word_1_18' title='bbox 563 641 703 705; x_wconf 81' lang='lat' dir='ltr'>dicemus</span> <span class='ocrx_word' id='word_1_19' title='bbox 725 639 810 704; x_wconf 88' lang='lat' dir='ltr'>dicto</span> <span class='ocrx_word' id='word_1_20' title='bbox 832 656 903 719; x_wconf 79' lang='lat' dir='ltr'>cap.</span> <span class='ocrx_word' id='word_1_21' title='bbox 926 637 1130 702; x_wconf 80' lang='lat' dir='ltr'><em>LXXXIII.</em></span> 
     </span>
    </p>

    <p class='ocr_par' dir='ltr' id='par_1_3' title="bbox 309 744 1684 1163">
     <span class='ocr_line' id='line_1_4' title="bbox 398 744 1682 835; baseline -0.005 -20"><span class='ocrx_word' id='word_1_22' title='bbox 398 776 416 815; x_wconf 81' lang='lat' dir='ltr'>a</span> <span class='ocrx_word' id='word_1_23' title='bbox 442 754 572 835; x_wconf 76' lang='lat' dir='ltr'>Insuper</span> <span class='ocrx_word' id='word_1_24' title='bbox 593 748 724 833; x_wconf 76' lang='lat' dir='ltr'>speciale</span> <span class='ocrx_word' id='word_1_25' title='bbox 745 747 928 812; x_wconf 86' lang='lat' dir='ltr'>mandatum</span> <span class='ocrx_word' id='word_1_26' title='bbox 953 746 1149 826; x_wconf 81' lang='lat' dir='ltr'><strong>requiritur,</strong></span> <span class='ocrx_word' id='word_1_27' title='bbox 1171 746 1295 826; x_wconf 70' lang='lat' dir='ltr'>quatita</span> <span class='ocrx_word' id='word_1_28' title='bbox 1307 745 1418 828; x_wconf 80' lang='lat' dir='ltr'>agitur</span> <span class='ocrx_word' id='word_1_29' title='bbox 1431 744 1472 809; x_wconf 83' lang='lat' dir='ltr'>de</span> <span class='ocrx_word' id='word_1_30' title='bbox 1486 745 1682 810; x_wconf 86' lang='lat' dir='ltr'>oonaadauda</span> 
     </span>
     <span class='ocr_line' id='line_1_5' title="bbox 310 852 1684 940; baseline -0.008 -14"><span class='ocrx_word' id='word_1_31' title='bbox 310 887 328 926; x_wconf 81' lang='lat' dir='ltr'>a</span> <span class='ocrx_word' id='word_1_32' title='bbox 352 863 473 929; x_wconf 81' lang='lat' dir='ltr'>arbitro</span> <span class='ocrx_word' id='word_1_33' title='bbox 495 860 643 925; x_wconf 70' lang='lat' dir='ltr'><strong>facultate</strong></span> <span class='ocrx_word' id='word_1_34' title='bbox 665 856 853 940; x_wconf 77' lang='lat' dir='ltr'>procudendi</span> <span class='ocrx_word' id='word_1_35' title='bbox 874 856 941 921; x_wconf 87' lang='lat' dir='ltr'>siue</span> <span class='ocrx_word' id='word_1_36' title='bbox 963 854 1163 919; x_wconf 70' lang='lat' dir='ltr'>citationibus</span> <span class='ocrx_word' id='word_1_37' title='bbox 1192 858 1227 917; x_wconf 86' lang='lat' dir='ltr'>at</span> <span class='ocrx_word' id='word_1_38' title='bbox 1257 853 1373 933; x_wconf 76' lang='lat' dir='ltr'>amque</span> <span class='ocrx_word' id='word_1_39' title='bbox 1395 852 1501 933; x_wconf 85' lang='lat' dir='ltr'>aliquo</span> <span class='ocrx_word' id='word_1_40' title='bbox 1523 854 1604 934; x_wconf 84' lang='lat' dir='ltr'>jurio</span> <span class='ocrx_word' id='word_1_41' title='bbox 1627 871 1684 916; x_wconf 91' lang='lat' dir='ltr'>or·</span> 
     </span>
     <span class='ocr_line' id='line_1_6' title="bbox 309 957 1684 1052; baseline -0.012 -15"><span class='ocrx_word' id='word_1_42' title='bbox 309 998 326 1037; x_wconf 81' lang='lat' dir='ltr'>a</span> <span class='ocrx_word' id='word_1_43' title='bbox 352 974 441 1051; x_wconf 86' lang='lat' dir='ltr'>dine,</span> <span class='ocrx_word' id='word_1_44' title='bbox 464 976 559 1052; x_wconf 76' lang='lat' dir='ltr'>atqua</span> <span class='ocrx_word' id='word_1_45' title='bbox 590 970 685 1034; x_wconf 88' lang='lat' dir='ltr'>etiam</span> <span class='ocrx_word' id='word_1_46' title='bbox 716 967 754 1032; x_wconf 85' lang='lat' dir='ltr'>da</span> <span class='ocrx_word' id='word_1_47' title='bbox 777 963 943 1049; x_wconf 80' lang='lat' dir='ltr'>obligando</span> <span class='ocrx_word' id='word_1_48' title='bbox 967 962 1167 1028; x_wconf 87' lang='lat' dir='ltr'>mandantem</span> <span class='ocrx_word' id='word_1_49' title='bbox 1189 960 1228 1025; x_wconf 88' lang='lat' dir='ltr'>ad</span> <span class='ocrx_word' id='word_1_50' title='bbox 1250 960 1386 1041; x_wconf 81' lang='lat' dir='ltr'>aliquam</span> <span class='ocrx_word' id='word_1_51' title='bbox 1411 957 1494 1024; x_wconf 76' lang='lat' dir='ltr'>haurd</span> <span class='ocrx_word' id='word_1_52' title='bbox 1525 960 1684 1024; x_wconf 84' lang='lat' dir='ltr'>modicam</span> 
     </span>
     <span class='ocr_line' id='line_1_7' title="bbox 310 1068 968 1163; baseline -0.015 -19"><span class='ocrx_word' id='word_1_53' title='bbox 310 1105 327 1144; x_wconf 81' lang='lat' dir='ltr'>a</span> <span class='ocrx_word' id='word_1_54' title='bbox 352 1097 502 1163; x_wconf 84' lang='lat' dir='ltr'>poenam,</span> <span class='ocrx_word' id='word_1_55' title='bbox 525 1075 660 1141; x_wconf 78' lang='lat' dir='ltr'>Artoiin.</span> <span class='ocrx_word' id='word_1_56' title='bbox 683 1074 771 1139; x_wconf 82' lang='lat' dir='ltr'>reaoi.</span> <span class='ocrx_word' id='word_1_57' title='bbox 793 1070 836 1136; x_wconf 94' lang='grc'>66</span> <span class='ocrx_word' id='word_1_58' title='bbox 860 1091 891 1136; x_wconf 89' lang='lat' dir='ltr'>n.</span> <span class='ocrx_word' id='word_1_59' title='bbox 917 1068 968 1135; x_wconf 89' lang='grc'>16.</span> 
     </span>
    </p>

    <p class='ocr_par' dir='ltr' id='par_1_4' title="bbox 311 1174 1684 1484">
     <span class='ocr_line' id='line_1_8' title="bbox 398 1174 1684 1267; baseline -0.011 -16"><span class='ocrx_word' id='word_1_60' title='bbox 398 1187 450 1253; x_wconf 91' lang='grc'><strong>21.</strong></span> <span class='ocrx_word' id='word_1_61' title='bbox 473 1188 576 1253; x_wconf 83' lang='lat' dir='ltr'><strong>xvll.</strong></span> <span class='ocrx_word' id='word_1_62' title='bbox 599 1183 650 1249; x_wconf 79' lang='lat' dir='ltr'>Ad</span> <span class='ocrx_word' id='word_1_63' title='bbox 671 1181 871 1267; x_wconf 79' lang='lat' dir='ltr'>afferendum</span> <span class='ocrx_word' id='word_1_64' title='bbox 891 1181 1107 1263; x_wconf 74' lang='lat' dir='ltr'>principalem</span> <span class='ocrx_word' id='word_1_65' title='bbox 1129 1187 1285 1261; x_wconf 82' lang='lat' dir='ltr'>paratum</span> <span class='ocrx_word' id='word_1_66' title='bbox 1306 1181 1443 1255; x_wconf 72' lang='lat' dir='ltr'>aalma,</span> <span class='ocrx_word' id='word_1_67' title='bbox 1465 1177 1556 1241; x_wconf 78' lang='lat' dir='ltr'>Boiai</span> <span class='ocrx_word' id='word_1_68' title='bbox 1586 1178 1623 1240; x_wconf 91' lang='lat' dir='ltr'>in</span> <span class='ocrx_word' id='word_1_69' title='bbox 1647 1174 1684 1238; x_wconf 87' lang='lat' dir='ltr'>L.</span> 
     </span>
     <span class='ocr_line' id='line_1_9' title="bbox 311 1279 1684 1376; baseline -0.017 -9"><span class='ocrx_word' id='word_1_70' title='bbox 311 1299 502 1367; x_wconf 76' lang='lat' dir='ltr'>mandaram</span> <span class='ocrx_word' id='word_1_71' title='bbox 526 1298 560 1359; x_wconf 88' lang='lat' dir='ltr'>in</span> <span class='ocrx_word' id='word_1_72' title='bbox 584 1290 606 1358; x_wconf 97' lang='grc'>6</span> <span class='ocrx_word' id='word_1_73' title='bbox 627 1295 757 1376; x_wconf 73' lang='lat' dir='ltr'>opponit.</span> <span class='ocrx_word' id='word_1_74' title='bbox 786 1293 822 1355; x_wconf 89' lang='lat' dir='ltr'>in</span> <span class='ocrx_word' id='word_1_75' title='bbox 851 1291 904 1374; x_wconf 74' lang='lat' dir='ltr'>fin.</span> <span class='ocrx_word' id='word_1_76' title='bbox 936 1288 1000 1355; x_wconf 78' lang='lat' dir='ltr'>aad.</span> <span class='ocrx_word' id='word_1_77' title='bbox 1032 1286 1192 1365; x_wconf 74' lang='lat' dir='ltr'>mandat,</span> <span class='ocrx_word' id='word_1_78' title='bbox 1220 1287 1343 1350; x_wconf 75' lang='lat' dir='ltr'>Parati.</span> <span class='ocrx_word' id='word_1_79' title='bbox 1377 1304 1460 1350; x_wconf 80' lang='lat' dir='ltr'>aona.</span> <span class='ocrx_word' id='word_1_80' title='bbox 1490 1282 1555 1346; x_wconf 90' lang='grc'>266</span> <span class='ocrx_word' id='word_1_81' title='bbox 1587 1303 1623 1347; x_wconf 88' lang='grc'>6.</span> <span class='ocrx_word' id='word_1_82' title='bbox 1644 1279 1684 1357; x_wconf 91' lang='grc'><strong>3,</strong></span> 
     </span>
     <span class='ocr_line' id='line_1_10' title="bbox 314 1391 1095 1484; baseline -0.019 -10"><span class='ocrx_word' id='word_1_83' title='bbox 314 1408 426 1474; x_wconf 79' lang='lat' dir='ltr'>Boreii.</span> <span class='ocrx_word' id='word_1_84' title='bbox 450 1406 478 1468; x_wconf 79' lang='lat' dir='ltr'>at</span> <span class='ocrx_word' id='word_1_85' title='bbox 499 1421 568 1484; x_wconf 82' lang='lat' dir='ltr'>rap.</span> <span class='ocrx_word' id='word_1_86' title='bbox 590 1398 634 1464; x_wconf 87' lang='grc'>66</span> <span class='ocrx_word' id='word_1_87' title='bbox 657 1419 688 1465; x_wconf 86' lang='lat' dir='ltr'>n.</span> <span class='ocrx_word' id='word_1_88' title='bbox 711 1398 801 1466; x_wconf 89' lang='grc'><strong>226..</strong></span> <span class='ocrx_word' id='word_1_89' title='bbox 1093 1391 1095 1394; x_wconf 78' lang='grc'><strong>’</strong></span> 
     </span>
    </p>

    <p class='ocr_par' dir='ltr' id='par_1_5' title="bbox 314 1501 1680 1703">
     <span class='ocr_line' id='line_1_11' title="bbox 401 1501 1680 1588; baseline -0.007 -16"><span class='ocrx_word' id='word_1_90' title='bbox 401 1534 418 1572; x_wconf 84' lang='lat' dir='ltr'>a</span> <span class='ocrx_word' id='word_1_91' title='bbox 442 1512 560 1578; x_wconf 80' lang='lat' dir='ltr'>Genaua</span> <span class='ocrx_word' id='word_1_92' title='bbox 580 1508 712 1574; x_wconf 74' lang='lat' dir='ltr'>dudiata</span> <span class='ocrx_word' id='word_1_93' title='bbox 734 1507 871 1573; x_wconf 71' lang='lat' dir='ltr'>unienda</span> <span class='ocrx_word' id='word_1_94' title='bbox 895 1509 944 1572; x_wconf 82' lang='lat' dir='ltr'>ast</span> <span class='ocrx_word' id='word_1_95' title='bbox 965 1505 1129 1588; x_wconf 84' lang='lat' dir='ltr'>principaii</span> <span class='ocrx_word' id='word_1_96' title='bbox 1150 1504 1321 1579; x_wconf 79' lang='lat' dir='ltr'>creditori,</span> <span class='ocrx_word' id='word_1_97' title='bbox 1337 1503 1384 1568; x_wconf 81' lang='lat' dir='ltr'>roi</span> <span class='ocrx_word' id='word_1_98' title='bbox 1398 1504 1467 1585; x_wconf 83' lang='lat' dir='ltr'>ojus</span> <span class='ocrx_word' id='word_1_99' title='bbox 1480 1501 1680 1585; x_wconf 86' lang='lat' dir='ltr'>procuratori</span> 
     </span>
     <span class='ocr_line' id='line_1_12' title="bbox 314 1608 1273 1703; baseline -0.007 -19"><span class='ocrx_word' id='word_1_100' title='bbox 314 1645 331 1684; x_wconf 82' lang='lat' dir='ltr'>a</span> <span class='ocrx_word' id='word_1_101' title='bbox 355 1620 497 1703; x_wconf 84' lang='lat' dir='ltr'>apaciali,</span> <span class='ocrx_word' id='word_1_102' title='bbox 524 1615 621 1684; x_wconf 65' lang='lat' dir='ltr'>Gora</span> <span class='ocrx_word' id='word_1_103' title='bbox 642 1618 679 1681; x_wconf 79' lang='lat' dir='ltr'>aie</span> <span class='ocrx_word' id='word_1_104' title='bbox 703 1614 780 1680; x_wconf 85' lang='lat' dir='ltr'>Lae.</span> <span class='ocrx_word' id='word_1_105' title='bbox 802 1616 840 1680; x_wconf 81' lang='lat' dir='ltr'>de</span> <span class='ocrx_word' id='word_1_106' title='bbox 862 1613 1003 1681; x_wconf 73' lang='lat' dir='ltr'>renatas</span> <span class='ocrx_word' id='word_1_107' title='bbox 1026 1613 1101 1678; x_wconf 78' lang='lat' dir='ltr'>disc.</span> <span class='ocrx_word' id='word_1_108' title='bbox 1124 1608 1168 1676; x_wconf 87' lang='grc'>26</span> <span class='ocrx_word' id='word_1_109' title='bbox 1190 1609 1273 1678; x_wconf 90' lang='grc'>66.</span> 
     </span>
    </p>

    <p class='ocr_par' dir='ltr' id='par_1_6' title="bbox 311 1718 1684 2027">
     <span class='ocr_line' id='line_1_13' title="bbox 399 1718 1684 1804; baseline -0.005 -15"><span class='ocrx_word' id='word_1_110' title='bbox 399 1726 452 1792; x_wconf 89' lang='grc'>22.</span> <span class='ocrx_word' id='word_1_111' title='bbox 474 1725 595 1791; x_wconf 76' lang='lat' dir='ltr'>xviia</span> <span class='ocrx_word' id='word_1_112' title='bbox 616 1723 667 1788; x_wconf 79' lang='lat' dir='ltr'>Ad</span> <span class='ocrx_word' id='word_1_113' title='bbox 687 1724 927 1804; x_wconf 80' lang='lat' dir='ltr'>repudiandum</span> <span class='ocrx_word' id='word_1_114' title='bbox 948 1721 1174 1786; x_wconf 70' lang='lat' dir='ltr'>inanitionem</span> <span class='ocrx_word' id='word_1_115' title='bbox 1188 1721 1288 1786; x_wconf 86' lang='lat' dir='ltr'>oiioui</span> <span class='ocrx_word' id='word_1_116' title='bbox 1303 1719 1461 1796; x_wconf 75' lang='grc'><strong>666166,</strong></span> <span class='ocrx_word' id='word_1_117' title='bbox 1478 1720 1545 1786; x_wconf 75' lang='lat' dir='ltr'>Jaa.</span> <span class='ocrx_word' id='word_1_118' title='bbox 1561 1723 1598 1785; x_wconf 88' lang='lat' dir='ltr'>in</span> <span class='ocrx_word' id='word_1_119' title='bbox 1615 1721 1649 1785; x_wconf 75' lang='lat' dir='ltr'><strong><em>L</em></strong></span> <span class='ocrx_word' id='word_1_120' title='bbox 1663 1718 1684 1781; x_wconf 90' lang='grc'><strong>2</strong></span> 
     </span>
     <span class='ocr_line' id='line_1_14' title="bbox 312 1826 1682 1921; baseline -0.006 -23"><span class='ocrx_word' id='word_1_121' title='bbox 312 1833 408 1921; x_wconf 71' lang='lat' dir='ltr'>§fin</span> <span class='ocrx_word' id='word_1_122' title='bbox 430 1852 462 1897; x_wconf 89' lang='lat' dir='ltr'>n.</span> <span class='ocrx_word' id='word_1_123' title='bbox 484 1830 528 1895; x_wconf 93' lang='grc'>26</span> <span class='ocrx_word' id='word_1_124' title='bbox 547 1832 579 1915; x_wconf 76' lang='lat' dir='ltr'><em>ff</em></span> <span class='ocrx_word' id='word_1_125' title='bbox 596 1833 624 1895; x_wconf 79' lang='lat' dir='ltr'>ai</span> <span class='ocrx_word' id='word_1_126' title='bbox 645 1840 719 1897; x_wconf 77' lang='lat' dir='ltr'>aeri.</span> <span class='ocrx_word' id='word_1_127' title='bbox 740 1840 819 1912; x_wconf 81' lang='lat' dir='ltr'>pet,</span> <span class='ocrx_word' id='word_1_128' title='bbox 852 1828 984 1896; x_wconf 82' lang='lat' dir='ltr'>Caioan.</span> <span class='ocrx_word' id='word_1_129' title='bbox 1015 1848 1098 1894; x_wconf 82' lang='lat' dir='ltr'>cona</span> <span class='ocrx_word' id='word_1_130' title='bbox 1128 1828 1172 1892; x_wconf 95' lang='grc'>77</span> <span class='ocrx_word' id='word_1_131' title='bbox 1193 1848 1226 1894; x_wconf 89' lang='lat' dir='ltr'>n.</span> <span class='ocrx_word' id='word_1_132' title='bbox 1248 1826 1289 1910; x_wconf 82' lang='grc'><strong>2,</strong></span> <span class='ocrx_word' id='word_1_133' title='bbox 1313 1829 1383 1895; x_wconf 81' lang='lat' dir='ltr'>lint.</span> <span class='ocrx_word' id='word_1_134' title='bbox 1408 1828 1497 1894; x_wconf 76' lang='lat' dir='ltr'>decia</span> <span class='ocrx_word' id='word_1_135' title='bbox 1518 1826 1586 1894; x_wconf 82' lang='grc'>666</span> <span class='ocrx_word' id='word_1_136' title='bbox 1609 1847 1642 1894; x_wconf 77' lang='lat' dir='ltr'>n.</span> <span class='ocrx_word' id='word_1_137' title='bbox 1662 1826 1682 1890; x_wconf 96' lang='grc'><strong>7</strong></span> 
     </span>
     <span class='ocr_line' id='line_1_15' title="bbox 311 1940 1591 2027; baseline -0.005 -18"><span class='ocrx_word' id='word_1_138' title='bbox 311 1960 383 2027; x_wconf 78' lang='lat' dir='ltr'>par.</span> <span class='ocrx_word' id='word_1_139' title='bbox 408 1940 425 2005; x_wconf 95' lang='grc'><strong>1</strong></span> <span class='ocrx_word' id='word_1_140' title='bbox 450 1941 579 2006; x_wconf 77' lang='lat' dir='ltr'>iterent.</span> <span class='ocrx_word' id='word_1_141' title='bbox 1589 1955 1591 1960; x_wconf 78' lang='grc'>’</span> 
     </span>
    </p>

    <p class='ocr_par' dir='ltr' id='par_1_7' title="bbox 314 2045 1684 2348">
     <span class='ocr_line' id='line_1_16' title="bbox 400 2045 1684 2131; baseline -0.001 -17"><span class='ocrx_word' id='word_1_142' title='bbox 400 2046 452 2114; x_wconf 89' lang='grc'><strong>23.</strong></span> <span class='ocrx_word' id='word_1_143' title='bbox 475 2048 564 2113; x_wconf 81' lang='lat' dir='ltr'><strong>XIX.</strong></span> <span class='ocrx_word' id='word_1_144' title='bbox 586 2046 636 2111; x_wconf 77' lang='lat' dir='ltr'>Ari</span> <span class='ocrx_word' id='word_1_145' title='bbox 658 2045 920 2111; x_wconf 70' lang='lat' dir='ltr'>renunciandum</span> <span class='ocrx_word' id='word_1_146' title='bbox 941 2047 1178 2130; x_wconf 72' lang='lat' dir='ltr'>fideicommissa</span> <span class='ocrx_word' id='word_1_147' title='bbox 1199 2065 1257 2112; x_wconf 83' lang='lat' dir='ltr'>aaa</span> <span class='ocrx_word' id='word_1_148' title='bbox 1269 2049 1447 2131; x_wconf 74' lang='lat' dir='ltr'>principaii</span> <span class='ocrx_word' id='word_1_149' title='bbox 1460 2048 1577 2128; x_wconf 75' lang='lat' dir='ltr'>debita,</span> <span class='ocrx_word' id='word_1_150' title='bbox 1592 2047 1684 2112; x_wconf 79' lang='lat' dir='ltr'>uara</span> 
     </span>
     <span class='ocr_line' id='line_1_17' title="bbox 314 2150 1684 2239; baseline -0.003 -14"><span class='ocrx_word' id='word_1_151' title='bbox 314 2177 397 2225; x_wconf 84' lang='lat' dir='ltr'>rona</span> <span class='ocrx_word' id='word_1_152' title='bbox 419 2156 463 2221; x_wconf 92' lang='grc'>72</span> <span class='ocrx_word' id='word_1_153' title='bbox 486 2176 518 2221; x_wconf 89' lang='lat' dir='ltr'>n.</span> <span class='ocrx_word' id='word_1_154' title='bbox 540 2154 562 2219; x_wconf 87' lang='lat'><strong>6</strong></span> <span class='ocrx_word' id='word_1_155' title='bbox 583 2158 619 2220; x_wconf 90' lang='lat' dir='ltr'>in</span> <span class='ocrx_word' id='word_1_156' title='bbox 641 2157 713 2239; x_wconf 75' lang='lat' dir='ltr'>fin,</span> <span class='ocrx_word' id='word_1_157' title='bbox 737 2165 765 2221; x_wconf 88' lang='lat' dir='ltr'>et</span> <span class='ocrx_word' id='word_1_158' title='bbox 787 2154 861 2220; x_wconf 90' lang='grc'>67</span> <span class='ocrx_word' id='word_1_159' title='bbox 891 2155 942 2219; x_wconf 81' lang='lat' dir='ltr'>iii.</span> <span class='ocrx_word' id='word_1_160' title='bbox 968 2153 1005 2234; x_wconf 87' lang='lat'>1,</span> <span class='ocrx_word' id='word_1_161' title='bbox 1034 2156 1181 2235; x_wconf 82' lang='lat' dir='ltr'>sequitur</span> <span class='ocrx_word' id='word_1_162' title='bbox 1211 2156 1366 2221; x_wconf 84' lang='lat' dir='ltr'>Riminai</span> <span class='ocrx_word' id='word_1_163' title='bbox 1398 2156 1476 2221; x_wconf 79' lang='lat' dir='ltr'>iun.</span> <span class='ocrx_word' id='word_1_164' title='bbox 1499 2174 1592 2221; x_wconf 71' lang='lat' dir='ltr'>aona</span> <span class='ocrx_word' id='word_1_165' title='bbox 1620 2150 1684 2220; x_wconf 80' lang='grc'>266</span> 
     </span>
     <span class='ocr_line' id='line_1_18' title="bbox 315 2263 1346 2348; baseline -0.005 -14"><span class='ocrx_word' id='word_1_166' title='bbox 315 2291 348 2336; x_wconf 85' lang='lat' dir='ltr'>n.</span> <span class='ocrx_word' id='word_1_167' title='bbox 370 2269 411 2333; x_wconf 86' lang='grc'>67</span> <span class='ocrx_word' id='word_1_168' title='bbox 435 2268 485 2332; x_wconf 83' lang='lat' dir='ltr'>iii.</span> <span class='ocrx_word' id='word_1_169' title='bbox 507 2265 538 2346; x_wconf 76' lang='grc'><strong>2,</strong></span> <span class='ocrx_word' id='word_1_170' title='bbox 561 2283 699 2332; x_wconf 73' lang='lat' dir='ltr'>matrona</span> <span class='ocrx_word' id='word_1_171' title='bbox 720 2263 798 2329; x_wconf 87' lang='lat' dir='ltr'>nihil</span> <span class='ocrx_word' id='word_1_172' title='bbox 819 2264 932 2329; x_wconf 82' lang='lat' dir='ltr'>melius</span> <span class='ocrx_word' id='word_1_173' title='bbox 953 2263 1083 2348; x_wconf 77' lang='lat' dir='ltr'>allegari</span> <span class='ocrx_word' id='word_1_174' title='bbox 1105 2281 1194 2347; x_wconf 84' lang='lat' dir='ltr'>poaaa</span> <span class='ocrx_word' id='word_1_175' title='bbox 1215 2263 1256 2328; x_wconf 84' lang='lat' dir='ltr'>ad</span> <span class='ocrx_word' id='word_1_176' title='bbox 1277 2263 1346 2329; x_wconf 81' lang='lat' dir='ltr'>hoa</span> 
     </span>
    </p>

    <p class='ocr_par' dir='ltr' id='par_1_8' title="bbox 313 2369 1681 2564">
     <span class='ocr_line' id='line_1_19' title="bbox 401 2369 1681 2455; baseline -0.002 -16"><span class='ocrx_word' id='word_1_177' title='bbox 401 2371 453 2439; x_wconf 91' lang='grc'>26.</span> <span class='ocrx_word' id='word_1_178' title='bbox 476 2375 549 2440; x_wconf 69' lang='lat' dir='ltr'>xia</span> <span class='ocrx_word' id='word_1_179' title='bbox 571 2376 614 2440; x_wconf 82' lang='lat' dir='ltr'>ut</span> <span class='ocrx_word' id='word_1_180' title='bbox 636 2375 679 2437; x_wconf 82' lang='lat' dir='ltr'>ari</span> <span class='ocrx_word' id='word_1_181' title='bbox 696 2374 870 2454; x_wconf 83' lang='lat' dir='ltr'>petendum</span> <span class='ocrx_word' id='word_1_182' title='bbox 900 2373 1138 2455; x_wconf 76' lang='lat' dir='ltr'>deputationum</span> <span class='ocrx_word' id='word_1_183' title='bbox 1168 2369 1349 2452; x_wconf 79' lang='lat' dir='ltr'>oeconomi,</span> <span class='ocrx_word' id='word_1_184' title='bbox 1377 2373 1448 2439; x_wconf 78' lang='lat' dir='ltr'>uu.</span> <span class='ocrx_word' id='word_1_185' title='bbox 1475 2373 1572 2439; x_wconf 76' lang='lat' dir='ltr'>deuia</span> <span class='ocrx_word' id='word_1_186' title='bbox 1601 2370 1681 2437; x_wconf 86' lang='grc'><strong>1636</strong></span> 
     </span>
     <span class='ocr_line' id='line_1_20' title="bbox 313 2479 765 2564; baseline -0.009 -15"><span class='ocrx_word' id='word_1_187' title='bbox 313 2485 363 2549; x_wconf 80' lang='lat' dir='ltr'>iii.</span> <span class='ocrx_word' id='word_1_188' title='bbox 386 2479 407 2546; x_wconf 93' lang='grc'><strong>3</strong></span> <span class='ocrx_word' id='word_1_189' title='bbox 425 2500 499 2564; x_wconf 85' lang='lat' dir='ltr'>par.</span> <span class='ocrx_word' id='word_1_190' title='bbox 522 2479 542 2545; x_wconf 88' lang='grc'><strong>3</strong></span> <span class='ocrx_word' id='word_1_191' title='bbox 564 2483 675 2547; x_wconf 70' lang='lat' dir='ltr'>diuers.</span> <span class='ocrx_word' id='word_1_192' title='bbox 762 2519 765 2528; x_wconf 65' lang='lat'><em>=</em></span> 
     </span>
    </p>

    <p class='ocr_par' dir='ltr' id='par_1_9' title="bbox 313 2587 1683 2781">
     <span class='ocr_line' id='line_1_21' title="bbox 401 2587 1683 2672; baseline -0.002 -16"><span class='ocrx_word' id='word_1_193' title='bbox 401 2589 453 2656; x_wconf 84' lang='grc'>26.</span> <span class='ocrx_word' id='word_1_194' title='bbox 476 2591 566 2656; x_wconf 75' lang='lat' dir='ltr'>XXI.</span> <span class='ocrx_word' id='word_1_195' title='bbox 588 2589 637 2654; x_wconf 79' lang='lat' dir='ltr'>Aa</span> <span class='ocrx_word' id='word_1_196' title='bbox 658 2588 848 2672; x_wconf 69' lang='lat' dir='ltr'>satiandum</span> <span class='ocrx_word' id='word_1_197' title='bbox 870 2591 1106 2670; x_wconf 80' lang='lat' dir='ltr'>deputationem</span> <span class='ocrx_word' id='word_1_198' title='bbox 1129 2593 1309 2670; x_wconf 72' lang='lat' dir='ltr'>meonomi,</span> <span class='ocrx_word' id='word_1_199' title='bbox 1333 2590 1403 2656; x_wconf 83' lang='lat' dir='ltr'>Boi.</span> <span class='ocrx_word' id='word_1_200' title='bbox 1425 2592 1514 2656; x_wconf 68' lang='lat' dir='ltr'>dmin</span> <span class='ocrx_word' id='word_1_201' title='bbox 1533 2587 1604 2655; x_wconf 72' lang='lat'>865</span> <span class='ocrx_word' id='word_1_202' title='bbox 1620 2589 1683 2656; x_wconf 82' lang='grc'>66</span> 
     </span>
     <span class='ocr_line' id='line_1_22' title="bbox 313 2694 1584 2781; baseline 0.002 -18"><span class='ocrx_word' id='word_1_203' title='bbox 313 2716 390 2763; x_wconf 83' lang='lat' dir='ltr'>uera.</span> <span class='ocrx_word' id='word_1_204' title='bbox 412 2696 500 2781; x_wconf 72' lang='lat' dir='ltr'>meod</span> <span class='ocrx_word' id='word_1_205' title='bbox 518 2706 626 2762; x_wconf 83' lang='lat' dir='ltr'>autem</span> <span class='ocrx_word' id='word_1_206' title='bbox 649 2696 677 2762; x_wconf 77' lang='lat' dir='ltr'>u</span> <span class='ocrx_word' id='word_1_207' title='bbox 699 2697 749 2762; x_wconf 85' lang='lat' dir='ltr'>iii.</span> <span class='ocrx_word' id='word_1_208' title='bbox 772 2694 793 2761; x_wconf 83' lang='lat'><strong>3</strong></span> <span class='ocrx_word' id='word_1_209' title='bbox 813 2715 888 2779; x_wconf 84' lang='lat' dir='ltr'>par.</span> <span class='ocrx_word' id='word_1_210' title='bbox 911 2694 932 2761; x_wconf 83' lang='lat'><strong>3</strong></span> <span class='ocrx_word' id='word_1_211' title='bbox 955 2698 1084 2778; x_wconf 74' lang='lat' dir='ltr'>dinero,</span> <span class='ocrx_word' id='word_1_212' title='bbox 1107 2698 1222 2763; x_wconf 83' lang='lat' dir='ltr'>Boreii.</span> <span class='ocrx_word' id='word_1_213' title='bbox 1244 2699 1274 2763; x_wconf 76' lang='grc'>6</span> <span class='ocrx_word' id='word_1_214' title='bbox 1295 2715 1366 2781; x_wconf 84' lang='lat' dir='ltr'>rap.</span> <span class='ocrx_word' id='word_1_215' title='bbox 1386 2697 1430 2777; x_wconf 84' lang='grc'>66</span> <span class='ocrx_word' id='word_1_216' title='bbox 1453 2720 1485 2765; x_wconf 83' lang='lat' dir='ltr'>n</span> <span class='ocrx_word' id='word_1_217' title='bbox 1508 2698 1584 2766; x_wconf 90' lang='grc'><strong>267.</strong></span> 
     </span>
    </p>

    <p class='ocr_par' dir='ltr' id='par_1_10' title="bbox 313 2803 1684 3429">
     <span class='ocr_line' id='line_1_23' title="bbox 403 2803 1684 2891; baseline 0.004 -22"><span class='ocrx_word' id='word_1_218' title='bbox 403 2803 455 2870; x_wconf 90' lang='grc'><strong>26.</strong></span> <span class='ocrx_word' id='word_1_219' title='bbox 477 2806 582 2871; x_wconf 78' lang='grc' dir='ltr'><strong>ΧΧΙΙ.</strong></span> <span class='ocrx_word' id='word_1_220' title='bbox 606 2804 859 2890; x_wconf 70' lang='grc'><strong>1666666</strong></span> <span class='ocrx_word' id='word_1_221' title='bbox 887 2807 1134 2890; x_wconf 77' lang='lat' dir='ltr'>reoopnitionem</span> <span class='ocrx_word' id='word_1_222' title='bbox 1162 2809 1309 2890; x_wconf 79' lang='lat' dir='ltr'>priuatae</span> <span class='ocrx_word' id='word_1_223' title='bbox 1328 2809 1539 2890; x_wconf 59' lang='lat' dir='ltr'>*scripturam</span> <span class='ocrx_word' id='word_1_224' title='bbox 1564 2807 1684 2891; x_wconf 62' lang='lat' dir='ltr'>Rutuli.</span> 
     </span>
     <span class='ocr_line' id='line_1_24' title="bbox 313 2911 1682 2999; baseline -0.004 -17"><span class='ocrx_word' id='word_1_225' title='bbox 313 2917 350 2982; x_wconf 84' lang='lat' dir='ltr'>de</span> <span class='ocrx_word' id='word_1_226' title='bbox 372 2916 571 2999; x_wconf 78' lang='lat' dir='ltr'>oniroprapiu.</span> <span class='ocrx_word' id='word_1_227' title='bbox 594 2917 741 2997; x_wconf 85' lang='lat' dir='ltr'>reeopnit.</span> <span class='ocrx_word' id='word_1_228' title='bbox 764 2917 799 2979; x_wconf 90' lang='lat' dir='ltr'>in</span> <span class='ocrx_word' id='word_1_229' title='bbox 819 2916 964 2998; x_wconf 76' lang='lat' dir='ltr'>praefat.</span> <span class='ocrx_word' id='word_1_230' title='bbox 986 2934 1017 2980; x_wconf 88' lang='lat' dir='ltr'>n.</span> <span class='ocrx_word' id='word_1_231' title='bbox 1040 2913 1101 2993; x_wconf 85' lang='grc'>69,</span> <span class='ocrx_word' id='word_1_232' title='bbox 1124 2914 1252 2980; x_wconf 84' lang='lat' dir='ltr'>Bartaz.</span> <span class='ocrx_word' id='word_1_233' title='bbox 1275 2932 1358 2981; x_wconf 81' lang='lat' dir='ltr'>cont.</span> <span class='ocrx_word' id='word_1_234' title='bbox 1382 2917 1506 2981; x_wconf 82' lang='lat' dir='ltr'>crimin.</span> <span class='ocrx_word' id='word_1_235' title='bbox 1520 2911 1587 2979; x_wconf 88' lang='grc'>667</span> <span class='ocrx_word' id='word_1_236' title='bbox 1610 2912 1682 2979; x_wconf 91' lang='grc'>67</span> 
     </span>
     <span class='ocr_line' id='line_1_25' title="bbox 313 3021 1678 3104; baseline -0.006 -14"><span class='ocrx_word' id='word_1_237' title='bbox 313 3026 362 3091; x_wconf 82' lang='lat' dir='ltr'>iii.</span> <span class='ocrx_word' id='word_1_238' title='bbox 385 3022 424 3103; x_wconf 90' lang='grc'>2,</span> <span class='ocrx_word' id='word_1_239' title='bbox 456 3023 578 3104; x_wconf 75' lang='lat' dir='ltr'>inrepit.</span> <span class='ocrx_word' id='word_1_240' title='bbox 611 3022 758 3088; x_wconf 78' lang='lat' dir='ltr'>Lauouie.</span> <span class='ocrx_word' id='word_1_241' title='bbox 786 3025 824 3087; x_wconf 89' lang='lat' dir='ltr'>in</span> <span class='ocrx_word' id='word_1_242' title='bbox 855 3025 923 3088; x_wconf 83' lang='lat' dir='ltr'>auia</span> <span class='ocrx_word' id='word_1_243' title='bbox 954 3023 1310 3089; x_wconf 66' lang='lat' dir='ltr'>cannamomum.</span> <span class='ocrx_word' id='word_1_244' title='bbox 1339 3025 1375 3088; x_wconf 91' lang='lat' dir='ltr'>in</span> <span class='ocrx_word' id='word_1_245' title='bbox 1397 3024 1444 3088; x_wconf 82' lang='lat' dir='ltr'>tit.</span> <span class='ocrx_word' id='word_1_246' title='bbox 1475 3022 1515 3087; x_wconf 79' lang='lat' dir='ltr'>de</span> <span class='ocrx_word' id='word_1_247' title='bbox 1540 3021 1678 3085; x_wconf 66' lang='lat' dir='ltr'>tanniu.</span> 
     </span>
     <span class='ocr_line' id='line_1_26' title="bbox 313 3126 1684 3215; baseline -0.001 -18"><span class='ocrx_word' id='word_1_248' title='bbox 313 3133 449 3197; x_wconf 78' lang='lat' dir='ltr'>concina.</span> <span class='ocrx_word' id='word_1_249' title='bbox 472 3128 516 3195; x_wconf 91' lang='grc'>32</span> <span class='ocrx_word' id='word_1_250' title='bbox 537 3148 614 3196; x_wconf 73' lang='lat' dir='ltr'>aero.</span> <span class='ocrx_word' id='word_1_251' title='bbox 635 3133 847 3213; x_wconf 79' lang='lat' dir='ltr'>auuapesinaa</span> <span class='ocrx_word' id='word_1_252' title='bbox 871 3140 976 3208; x_wconf 77' lang='lat' dir='ltr'>aemio,</span> <span class='ocrx_word' id='word_1_253' title='bbox 1000 3129 1205 3197; x_wconf 70' lang='lat' dir='ltr'>capuana</span> <span class='ocrx_word' id='word_1_254' title='bbox 1227 3126 1304 3196; x_wconf 90' lang='grc'>66</span> <span class='ocrx_word' id='word_1_255' title='bbox 1325 3149 1402 3197; x_wconf 82' lang='lat' dir='ltr'>uera</span> <span class='ocrx_word' id='word_1_256' title='bbox 1421 3133 1684 3215; x_wconf 74' lang='lat' dir='ltr'>quadrapestnus</span> 
     </span>
     <span class='ocr_line' id='line_1_27' title="bbox 313 3237 1684 3323; baseline 0.001 -18"><span class='ocrx_word' id='word_1_257' title='bbox 313 3241 486 3318; x_wconf 74' lang='lat' dir='ltr'>nannius,</span> <span class='ocrx_word' id='word_1_258' title='bbox 511 3239 580 3305; x_wconf 81' lang='lat' dir='ltr'>liat.</span> <span class='ocrx_word' id='word_1_259' title='bbox 604 3239 723 3303; x_wconf 85' lang='lat' dir='ltr'>Luaeu.</span> <span class='ocrx_word' id='word_1_260' title='bbox 745 3238 856 3303; x_wconf 68' lang='lat' dir='ltr'>divana</span> <span class='ocrx_word' id='word_1_261' title='bbox 879 3238 969 3305; x_wconf 79' lang='lat' dir='ltr'>ann.</span> <span class='ocrx_word' id='word_1_262' title='bbox 993 3237 1032 3303; x_wconf 91' lang='lat'>11</span> <span class='ocrx_word' id='word_1_263' title='bbox 1059 3242 1115 3303; x_wconf 86' lang='lat' dir='ltr'>eoi.</span> <span class='ocrx_word' id='word_1_264' title='bbox 1131 3238 1153 3301; x_wconf 91' lang='grc'><strong>2</strong></span> <span class='ocrx_word' id='word_1_265' title='bbox 1167 3258 1245 3305; x_wconf 80' lang='lat' dir='ltr'>verr.</span> <span class='ocrx_word' id='word_1_266' title='bbox 1267 3240 1381 3323; x_wconf 76' lang='lat' dir='ltr'>quibua</span> <span class='ocrx_word' id='word_1_267' title='bbox 1395 3249 1519 3317; x_wconf 84' lang='lat' dir='ltr'>tamen,</span> <span class='ocrx_word' id='word_1_268' title='bbox 1534 3258 1614 3323; x_wconf 84' lang='lat' dir='ltr'>quae</span> <span class='ocrx_word' id='word_1_269' title='bbox 1633 3244 1684 3306; x_wconf 76' lang='lat' dir='ltr'>eat</span> 
     </span>
     <span class='ocr_line' id='line_1_28' title="bbox 314 3344 1187 3429; baseline 0 -17"><span class='ocrx_word' id='word_1_270' title='bbox 314 3346 447 3429; x_wconf 79' lang='lat' dir='ltr'>repetita</span> <span class='ocrx_word' id='word_1_271' title='bbox 469 3345 553 3429; x_wconf 90' lang='lat' dir='ltr'>apud</span> <span class='ocrx_word' id='word_1_272' title='bbox 578 3344 761 3413; x_wconf 78' lang='lat' dir='ltr'>Cornazan.</span> <span class='ocrx_word' id='word_1_273' title='bbox 781 3348 874 3411; x_wconf 80' lang='lat' dir='ltr'>decia.</span> <span class='ocrx_word' id='word_1_274' title='bbox 896 3347 1013 3412; x_wconf 76' lang='lat' dir='ltr'>iurent.</span> <span class='ocrx_word' id='word_1_275' title='bbox 1035 3345 1080 3411; x_wconf 88' lang='grc'>86</span> <span class='ocrx_word' id='word_1_276' title='bbox 1102 3367 1134 3412; x_wconf 86' lang='lat' dir='ltr'>a.</span> <span class='ocrx_word' id='word_1_277' title='bbox 1158 3344 1187 3412; x_wconf 93' lang='grc'><strong>3.</strong></span> 
     </span>
    </p>

    <p class='ocr_par' dir='ltr' id='par_1_11' title="bbox 315 3453 1687 3737">
     <span class='ocr_line' id='line_1_29' title="bbox 405 3453 1686 3540; baseline 0.002 -24"><span class='ocrx_word' id='word_1_278' title='bbox 405 3476 423 3516; x_wconf 83' lang='lat' dir='ltr'>a</span> <span class='ocrx_word' id='word_1_279' title='bbox 448 3457 641 3522; x_wconf 72' lang='lat' dir='ltr'><strong>Procurator</strong></span> <span class='ocrx_word' id='word_1_280' title='bbox 663 3456 781 3536; x_wconf 82' lang='lat' dir='ltr'>aasqaa</span> <span class='ocrx_word' id='word_1_281' title='bbox 803 3453 927 3538; x_wconf 76' lang='lat' dir='ltr'>speciali</span> <span class='ocrx_word' id='word_1_282' title='bbox 949 3455 1096 3521; x_wconf 84' lang='lat' dir='ltr'>mandato</span> <span class='ocrx_word' id='word_1_283' title='bbox 1119 3455 1245 3521; x_wconf 89' lang='lat' dir='ltr'>domiuo</span> <span class='ocrx_word' id='word_1_284' title='bbox 1271 3475 1332 3523; x_wconf 87' lang='lat' dir='ltr'>nou</span> <span class='ocrx_word' id='word_1_285' title='bbox 1355 3457 1601 3540; x_wconf 72' lang='lat' dir='ltr'>praeiudicatai</span> <span class='ocrx_word' id='word_1_286' title='bbox 1621 3455 1686 3538; x_wconf 89' lang='lat' dir='ltr'>pri-</span> 
     </span>
     <span class='ocr_line' id='line_1_30' title="bbox 315 3562 1687 3650; baseline 0.004 -26"><span class='ocrx_word' id='word_1_287' title='bbox 315 3585 333 3623; x_wconf 82' lang='lat'><strong>«</strong></span> <span class='ocrx_word' id='word_1_288' title='bbox 359 3568 461 3628; x_wconf 83' lang='lat' dir='ltr'>vatum</span> <span class='ocrx_word' id='word_1_289' title='bbox 484 3564 674 3645; x_wconf 83' lang='lat' dir='ltr'>scripturam</span> <span class='ocrx_word' id='word_1_290' title='bbox 697 3581 759 3627; x_wconf 90' lang='lat' dir='ltr'>uon</span> <span class='ocrx_word' id='word_1_291' title='bbox 780 3562 881 3628; x_wconf 84' lang='lat' dir='ltr'>aoiuur</span> <span class='ocrx_word' id='word_1_292' title='bbox 906 3563 1001 3630; x_wconf 78' lang='lat' dir='ltr'>tacita</span> <span class='ocrx_word' id='word_1_293' title='bbox 1032 3580 1142 3631; x_wconf 82' lang='lat' dir='ltr'>uarum</span> <span class='ocrx_word' id='word_1_294' title='bbox 1164 3565 1261 3630; x_wconf 85' lang='lat' dir='ltr'>etiam</span> <span class='ocrx_word' id='word_1_295' title='bbox 1283 3583 1430 3650; x_wconf 81' lang='lat' dir='ltr'>orpraaaa</span> <span class='ocrx_word' id='word_1_296' title='bbox 1453 3566 1687 3650; x_wconf 70' lang='lat' dir='ltr'>approbaverit,</span> 
     </span>
     <span class='ocr_line' id='line_1_31' title="bbox 316 3669 801 3737; baseline 0.008 -6"><span class='ocrx_word' id='word_1_297' title='bbox 316 3692 334 3731; x_wconf 81' lang='lat' dir='ltr'>a</span> <span class='ocrx_word' id='word_1_298' title='bbox 359 3669 492 3735; x_wconf 76' lang='lat' dir='ltr'>Aetolia.</span> <span class='ocrx_word' id='word_1_299' title='bbox 515 3671 604 3735; x_wconf 85' lang='lat' dir='ltr'>reaai.</span> <span class='ocrx_word' id='word_1_300' title='bbox 630 3669 671 3733; x_wconf 91' lang='grc'>16</span> <span class='ocrx_word' id='word_1_301' title='bbox 696 3669 801 3737; x_wconf 87' lang='grc'><strong>636.</strong></span> 
     </span>
    </p>

    <p class='ocr_par' dir='ltr' id='par_1_12' title="bbox 314 3771 1687 3969">
     <span class='ocr_line' id='line_1_32' title="bbox 404 3771 1687 3867; baseline 0.01 -28"><span class='ocrx_word' id='word_1_302' title='bbox 404 3771 456 3841; x_wconf 94' lang='grc'>27.</span> <span class='ocrx_word' id='word_1_303' title='bbox 478 3777 601 3844; x_wconf 81' lang='lat' dir='ltr'><strong>XXlll.</strong></span> <span class='ocrx_word' id='word_1_304' title='bbox 624 3777 675 3842; x_wconf 81' lang='lat' dir='ltr'>Ad</span> <span class='ocrx_word' id='word_1_305' title='bbox 696 3782 975 3847; x_wconf 82' lang='lat' dir='ltr'>interveniendum</span> <span class='ocrx_word' id='word_1_306' title='bbox 997 3784 1034 3846; x_wconf 88' lang='lat' dir='ltr'>in</span> <span class='ocrx_word' id='word_1_307' title='bbox 1055 3785 1162 3848; x_wconf 76' lang='lat' dir='ltr'>cautio</span> <span class='ocrx_word' id='word_1_308' title='bbox 1184 3783 1420 3864; x_wconf 71' lang='lat' dir='ltr'>criminalibus,</span> <span class='ocrx_word' id='word_1_309' title='bbox 1446 3784 1572 3867; x_wconf 60' lang='lat' dir='ltr'>spectu</span> <span class='ocrx_word' id='word_1_310' title='bbox 1593 3789 1629 3853; x_wconf 84' lang='lat' dir='ltr'>in</span> <span class='ocrx_word' id='word_1_311' title='bbox 1643 3788 1687 3852; x_wconf 79' lang='lat' dir='ltr'>tit.</span> 
     </span>
     <span class='ocr_line' id='line_1_33' title="bbox 314 3886 1459 3969; baseline 0.005 -18"><span class='ocrx_word' id='word_1_312' title='bbox 314 3886 351 3951; x_wconf 81' lang='lat' dir='ltr'>tie</span> <span class='ocrx_word' id='word_1_313' title='bbox 371 3895 537 3967; x_wconf 76' lang='lat' dir='ltr'>procurat.</span> <span class='ocrx_word' id='word_1_314' title='bbox 559 3889 594 3950; x_wconf 88' lang='lat' dir='ltr'>in</span> <span class='ocrx_word' id='word_1_315' title='bbox 615 3889 720 3969; x_wconf 76' lang='lat' dir='ltr'>paine.</span> <span class='ocrx_word' id='word_1_316' title='bbox 744 3887 837 3968; x_wconf 84' lang='grc'>66,</span> <span class='ocrx_word' id='word_1_317' title='bbox 860 3889 931 3955; x_wconf 78' lang='lat' dir='ltr'>Boi.</span> <span class='ocrx_word' id='word_1_318' title='bbox 953 3909 1015 3954; x_wconf 86' lang='lat' dir='ltr'>ror.</span> <span class='ocrx_word' id='word_1_319' title='bbox 1041 3890 1171 3956; x_wconf 83' lang='lat' dir='ltr'>Montio.</span> <span class='ocrx_word' id='word_1_320' title='bbox 1194 3891 1284 3957; x_wconf 79' lang='lat' dir='ltr'>deria</span> <span class='ocrx_word' id='word_1_321' title='bbox 1311 3890 1350 3955; x_wconf 88' lang='lat'>11</span> <span class='ocrx_word' id='word_1_322' title='bbox 1374 3911 1406 3957; x_wconf 90' lang='lat' dir='ltr'>n.</span> <span class='ocrx_word' id='word_1_323' title='bbox 1429 3890 1459 3957; x_wconf 95' lang='grc'><strong>3.</strong></span> 
     </span>
    </p>

    <p class='ocr_par' dir='ltr' id='par_1_13' title="bbox 314 3989 1690 4194">
     <span class='ocr_line' id='line_1_34' title="bbox 405 3989 1690 4085; baseline 0.009 -28"><span class='ocrx_word' id='word_1_324' title='bbox 405 3989 457 4058; x_wconf 86' lang='grc'><strong>28.</strong></span> <span class='ocrx_word' id='word_1_325' title='bbox 482 3994 600 4060; x_wconf 80' lang='lat' dir='ltr'><strong>xxlv.</strong></span> <span class='ocrx_word' id='word_1_326' title='bbox 622 3996 671 4060; x_wconf 79' lang='lat' dir='ltr'>Aa</span> <span class='ocrx_word' id='word_1_327' title='bbox 692 4000 881 4078; x_wconf 78' lang='lat' dir='ltr'>reparanda</span> <span class='ocrx_word' id='word_1_328' title='bbox 902 4001 1118 4065; x_wconf 74' lang='lat' dir='ltr'>instrumenta</span> <span class='ocrx_word' id='word_1_329' title='bbox 1139 4010 1292 4067; x_wconf 72' lang='lat' dir='ltr'>neruiue</span> <span class='ocrx_word' id='word_1_330' title='bbox 1307 4012 1479 4085; x_wconf 80' lang='lat' dir='ltr'>corrupta,</span> <span class='ocrx_word' id='word_1_331' title='bbox 1498 4002 1621 4085; x_wconf 76' lang='lat' dir='ltr'>Speaut</span> <span class='ocrx_word' id='word_1_332' title='bbox 1636 4003 1690 4069; x_wconf 83' lang='lat' dir='ltr'>an</span> 
     </span>
     <span class='ocr_line' id='line_1_35' title="bbox 314 4099 1623 4194; baseline 0.009 -29"><span class='ocrx_word' id='word_1_333' title='bbox 314 4118 417 4182; x_wconf 68' lang='lat' dir='ltr'>supra</span> <span class='ocrx_word' id='word_1_334' title='bbox 439 4122 471 4167; x_wconf 89' lang='lat' dir='ltr'>n.</span> <span class='ocrx_word' id='word_1_335' title='bbox 492 4099 516 4166; x_wconf 89' lang='grc'>6</span> <span class='ocrx_word' id='word_1_336' title='bbox 538 4120 614 4168; x_wconf 77' lang='lat' dir='ltr'>vars.</span> <span class='ocrx_word' id='word_1_337' title='bbox 638 4105 822 4186; x_wconf 81' lang='lat' dir='ltr'>undecima,</span> <span class='ocrx_word' id='word_1_338' title='bbox 847 4105 1002 4177; x_wconf 82' lang='lat' dir='ltr'>Cuiaiiin.</span> <span class='ocrx_word' id='word_1_339' title='bbox 1023 4110 1051 4175; x_wconf 76' lang='lat' dir='ltr'>ti</span> <span class='ocrx_word' id='word_1_340' title='bbox 1075 4129 1107 4174; x_wconf 87' lang='lat' dir='ltr'>n.</span> <span class='ocrx_word' id='word_1_341' title='bbox 1131 4105 1154 4172; x_wconf 88' lang='grc'>6</span> <span class='ocrx_word' id='word_1_342' title='bbox 1174 4128 1251 4175; x_wconf 79' lang='lat' dir='ltr'>uera.</span> <span class='ocrx_word' id='word_1_343' title='bbox 1273 4113 1438 4193; x_wconf 76' lang='lat' dir='ltr'>viperimua</span> <span class='ocrx_word' id='word_1_344' title='bbox 1461 4114 1623 4194; x_wconf 69' lang='lat' dir='ltr'>septimus,</span> 
     </span>
    </p>

    <p class='ocr_par' dir='ltr' id='par_1_14' title="bbox 404 4208 1690 4297">
     <span class='ocr_line' id='line_1_36' title="bbox 404 4208 1690 4297; baseline 0.008 -23"><span class='ocrx_word' id='word_1_345' title='bbox 404 4208 456 4275; x_wconf 83' lang='grc'><strong>29.</strong></span> <span class='ocrx_word' id='word_1_346' title='bbox 478 4212 582 4277; x_wconf 84' lang='lat' dir='ltr'><strong>XXV.</strong></span> <span class='ocrx_word' id='word_1_347' title='bbox 605 4212 654 4277; x_wconf 79' lang='lat' dir='ltr'>Aa</span> <span class='ocrx_word' id='word_1_348' title='bbox 683 4214 856 4295; x_wconf 80' lang='lat' dir='ltr'>petendum</span> <span class='ocrx_word' id='word_1_349' title='bbox 886 4218 1099 4283; x_wconf 80' lang='lat' dir='ltr'>reductionem</span> <span class='ocrx_word' id='word_1_350' title='bbox 1131 4218 1225 4282; x_wconf 84' lang='lat' dir='ltr'>iauaii</span> <span class='ocrx_word' id='word_1_351' title='bbox 1253 4217 1297 4282; x_wconf 80' lang='lat' dir='ltr'>ad</span> <span class='ocrx_word' id='word_1_352' title='bbox 1318 4219 1490 4284; x_wconf 74' lang='lat' dir='ltr'>arbitrium</span> <span class='ocrx_word' id='word_1_353' title='bbox 1512 4219 1585 4284; x_wconf 85' lang='lat' dir='ltr'>ioni</span> <span class='ocrx_word' id='word_1_354' title='bbox 1607 4221 1690 4297; x_wconf 80' lang='lat' dir='ltr'>uiri,</span> 
     </span>
    </p>
   </div>
   <div class='ocr_carea' id='block_1_3' title="bbox 317 4316 1692 4488">
    <p class='ocr_par' dir='ltr' id='par_1_15' title="bbox 317 4316 1692 4488">
     <span class='ocr_line' id='line_1_37' title="bbox 317 4316 1692 4485; baseline 0.007 -104"><span class='ocrx_word' id='word_1_355' title='bbox 317 4316 454 4485; x_wconf 60' lang='lat' dir='ltr'>Bergiua</span> <span class='ocrx_word' id='word_1_356' title='bbox 477 4337 559 4384; x_wconf 77' lang='lat' dir='ltr'>aona.</span> <span class='ocrx_word' id='word_1_357' title='bbox 583 4316 626 4382; x_wconf 82' lang='lat'>25</span> <span class='ocrx_word' id='word_1_358' title='bbox 649 4339 680 4386; x_wconf 89' lang='grc'>6</span> <span class='ocrx_word' id='word_1_359' title='bbox 705 4319 722 4384; x_wconf 89' lang='grc'><strong>1</strong></span> <span class='ocrx_word' id='word_1_360' title='bbox 747 4332 775 4387; x_wconf 84' lang='lat' dir='ltr'>et</span> <span class='ocrx_word' id='word_1_361' title='bbox 798 4322 819 4385; x_wconf 92' lang='grc'><strong>2</strong></span> <span class='ocrx_word' id='word_1_362' title='bbox 842 4325 891 4389; x_wconf 83' lang='lat' dir='ltr'>iii.</span> <span class='ocrx_word' id='word_1_363' title='bbox 915 4322 946 4407; x_wconf 88' lang='grc'>3,</span> <span class='ocrx_word' id='word_1_364' title='bbox 961 4343 1056 4406; x_wconf 85' lang='lat' dir='ltr'>quam</span> <span class='ocrx_word' id='word_1_365' title='bbox 1078 4326 1225 4408; x_wconf 73' lang='lat' dir='ltr'>wquitur</span> <span class='ocrx_word' id='word_1_366' title='bbox 1248 4327 1376 4410; x_wconf 80' lang='lat' dir='ltr'>Mapan</span> <span class='ocrx_word' id='word_1_367' title='bbox 1397 4327 1486 4393; x_wconf 75' lang='lat' dir='ltr'>decia</span> <span class='ocrx_word' id='word_1_368' title='bbox 1509 4330 1629 4394; x_wconf 70' lang='lat' dir='ltr'>iueenn</span> <span class='ocrx_word' id='word_1_369' title='bbox 1649 4323 1692 4390; x_wconf 87' lang='grc'>61</span> 
     </span>
     <span class='ocr_line' id='line_1_38' title="bbox 317 4433 406 4488; baseline 0.022 -2"><span class='ocrx_word' id='word_1_370' title='bbox 317 4433 354 4486; x_wconf 86' lang='lat' dir='ltr'>n.</span> <span class='ocrx_word' id='word_1_371' title='bbox 398 4469 406 4488; x_wconf 84' lang='lat'><strong>.</strong></span> 
     </span>
    </p>
   </div>
   <div class='ocr_carea' id='block_1_4' title="bbox 407 4528 1698 4626">
    <p class='ocr_par' dir='ltr' id='par_1_16' title="bbox 407 4528 1698 4626">
     <span class='ocr_line' id='line_1_39' title="bbox 407 4528 1698 4626; baseline 0.009 -31"><span class='ocrx_word' id='word_1_372' title='bbox 407 4528 459 4595; x_wconf 88' lang='grc'>36.</span> <span class='ocrx_word' id='word_1_373' title='bbox 481 4533 600 4599; x_wconf 80' lang='lat' dir='ltr'><strong>XXVI.</strong></span> <span class='ocrx_word' id='word_1_374' title='bbox 622 4535 672 4600; x_wconf 83' lang='lat' dir='ltr'>Ad</span> <span class='ocrx_word' id='word_1_375' title='bbox 691 4540 862 4619; x_wconf 81' lang='lat' dir='ltr'>petendam</span> <span class='ocrx_word' id='word_1_376' title='bbox 894 4544 1110 4606; x_wconf 73' lang='lat' dir='ltr'>executionem</span> <span class='ocrx_word' id='word_1_377' title='bbox 1141 4548 1188 4609; x_wconf 85' lang='lat' dir='ltr'>rei</span> <span class='ocrx_word' id='word_1_378' title='bbox 1214 4545 1397 4626; x_wconf 74' lang='lat' dir='ltr'>judicatae,</span> <span class='ocrx_word' id='word_1_379' title='bbox 1422 4544 1513 4611; x_wconf 78' lang='lat' dir='ltr'>uara</span> <span class='ocrx_word' id='word_1_380' title='bbox 1544 4547 1581 4608; x_wconf 92' lang='lat' dir='ltr'>in</span> <span class='ocrx_word' id='word_1_381' title='bbox 1610 4543 1698 4608; x_wconf 69' lang='lat' dir='ltr'>un·</span> 
     </span>
    </p>
   </div>
   <div class='ocr_carea' id='block_1_5' title="bbox 317 4641 1698 4832">
    <p class='ocr_par' dir='ltr' id='par_1_17' title="bbox 317 4641 1698 4832">
     <span class='ocr_line' id='line_1_40' title="bbox 317 4641 1698 4738; baseline -0.001 -19"><span class='ocrx_word' id='word_1_382' title='bbox 317 4648 510 4719; x_wconf 63' lang='grc'><strong>6106466601</strong></span> <span class='ocrx_word' id='word_1_383' title='bbox 532 4662 563 4707; x_wconf 77' lang='lat' dir='ltr'>u·</span> <span class='ocrx_word' id='word_1_384' title='bbox 585 4641 607 4704; x_wconf 75' lang='lat'><strong>2</strong></span> <span class='ocrx_word' id='word_1_385' title='bbox 628 4646 660 4729; x_wconf 76' lang='lat' dir='ltr'><strong><em>ff</em></strong></span> <span class='ocrx_word' id='word_1_386' title='bbox 677 4647 715 4711; x_wconf 81' lang='lat' dir='ltr'>de</span> <span class='ocrx_word' id='word_1_387' title='bbox 736 4657 917 4730; x_wconf 72' lang='lat' dir='ltr'>promum,</span> <span class='ocrx_word' id='word_1_388' title='bbox 940 4651 1034 4717; x_wconf 80' lang='lat' dir='ltr'>latius</span> <span class='ocrx_word' id='word_1_389' title='bbox 1053 4651 1242 4721; x_wconf 72' lang='lat' dir='ltr'>duramnus</span> <span class='ocrx_word' id='word_1_390' title='bbox 1263 4672 1331 4738; x_wconf 86' lang='lat' dir='ltr'>oap.</span> <span class='ocrx_word' id='word_1_391' title='bbox 1347 4655 1501 4721; x_wconf 82' lang='lat' dir='ltr'><strong><em>LXXXI</em></strong></span> <span class='ocrx_word' id='word_1_392' title='bbox 1507 4656 1582 4720; x_wconf 78' lang='lat' dir='ltr'>Vde</span> <span class='ocrx_word' id='word_1_393' title='bbox 1595 4671 1698 4719; x_wconf 74' lang='lat' dir='ltr'>men·</span> 
     </span>
     <span class='ocr_line' id='line_1_41' title="bbox 320 4749 682 4832; baseline 0.017 -19"><span class='ocrx_word' id='word_1_394' title='bbox 320 4749 394 4814; x_wconf 80' lang='lat' dir='ltr'>data</span> <span class='ocrx_word' id='word_1_395' title='bbox 416 4750 458 4812; x_wconf 79' lang='lat' dir='ltr'>ad</span> <span class='ocrx_word' id='word_1_396' title='bbox 480 4752 682 4832; x_wconf 78' lang='lat' dir='ltr'>enipendum.</span> 
     </span>
    </p>
   </div>
   <div class='ocr_carea' id='block_1_6' title="bbox 0 0 1877 5748">
    <p class='ocr_par' dir='ltr' id='par_1_18' title="bbox 0 0 1877 5748">
     <span class='ocr_line' id='line_1_42' title="bbox 0 0 1877 5748; baseline 0 0"><span class='ocrx_word' id='word_1_397' title='bbox 0 0 1877 5748; x_wconf 95' lang='lat' dir='ltr'> </span> 
     </span>
    </p>
   </div>
  </div>
 </body>
</html>
