3734 5750
239 371 247 387 x
324 338 388 408 sao
754 327 953 403 uouovrcr
974 318 1097 401 6666
1118 332 1265 431 raeco

321 531 353 576 o.
374 507 416 574 61
436 509 467 593 {f
484 509 523 572 de
544 523 614 570 ooo.
636 522 721 585 oper.
742 522 858 582 ouon,
881 520 977 585 quem
1000 504 1044 568 ibi
1058 507 1244 583 sequautur
1267 501 1335 569 BD.
1357 506 1585 583 communiter,
1611 504 1695 572 Sint.

322 621 360 686 dc
385 620 490 683 Praei.
511 632 594 679 coos.
620 611 683 678 126
705 631 738 678 6.
759 610 821 691 so,
845 613 914 677 Rot.
946 612 1036 676 decis.
1059 607 1124 674 636
1147 631 1179 676 6.
1200 607 1222 674 8
1243 627 1315 693 por.
1339 608 1355 673 1
1384 611 1506 676 Redeat.
1531 612 1595 692 Qui
1617 615 1696 680 ticet

322 730 493 811 loquantur
517 727 548 790 in
570 743 642 790 caso
667 721 791 804 quando
813 721 901 803 copia
925 720 1096 785 venditoris
1127 719 1235 785 haberi
1263 726 1384 802 potest,
1406 727 1440 786 ct
1461 726 1622 804 propterea
1645 724 1695 787 ri-

321 841 458 904 deantur
479 836 596 902 sentire
619 832 703 915 quod
726 828 851 913 quaudo
873 829 962 912 copia
984 829 1164 912 principalis
1185 829 1352 894 venditoris
1373 829 1482 895 haberi
1505 850 1566 895 uou
1580 838 1697 914 potest,

321 943 521 1010 denunciatio
542 942 640 1025 possit
662 939 730 1005 fieri
754 939 837 1004 itlius
859 939 1078 1020 procuratori,
1099 944 1137 1003 ut
1159 937 1238 1002 dicit
1260 939 1330 1004 Rot.
1351 940 1380 1003 d.
1403 957 1436 1003 o.
1457 936 1488 1004 8.

409 1049 440 1114 7.
462 1051 525 1115 lsta
548 1055 652 1114 tamen
676 1047 773 1112 iilatio
794 1042 922 1111 videtur
946 1046 1162 1129 restringenda
1185 1046 1223 1110 ad
1248 1064 1349 1111 uuum
1370 1065 1479 1114 casum
1508 1049 1698 1129 dumtaxat,

324 1158 486 1238 videlieet,
500 1157 625 1239 quaudo
648 1172 709 1219 uon
732 1159 836 1237 posset
859 1154 967 1219 haberi
989 1155 1084 1236 eopia
1100 1154 1277 1236 principalis
1297 1172 1339 1219 er
1362 1173 1400 1220 eo
1422 1157 1497 1238 quia
1519 1158 1699 1239 reperiatur

324 1270 356 1333 in
378 1269 445 1332 ioco
467 1267 506 1332 ad
527 1282 623 1348 quem
647 1263 762 1328 nuncio
785 1280 849 1326 uon
870 1261 966 1327 detor
986 1268 1077 1328 tutus
1091 1278 1250 1340 6666666,
1264 1267 1362 1345 prout
1383 1263 1422 1329 ad
1444 1263 1566 1329 dictum
1586 1282 1696 1330 casum

321 1396 354 1445 se
377 1377 544 1443 restrinxit
569 1374 638 1440 Rot.
660 1375 750 1438 decta.
777 1368 841 1435 132
863 1392 895 1435 o.
920 1369 936 1434 1
960 1369 1062 1435 uus
1075 1388 1148 1452 por.
1171 1368 1192 1435 3
1216 1371 1324 1436 diuers.

410 1480 441 1548 8.
465 1484 561 1549 Serus
582 1484 689 1546 autem
704 1481 730 1546 si
746 1497 808 1544 nou
830 1480 927 1561 possit
950 1479 1057 1544 haberi
1080 1478 1168 1561 oopia
1191 1478 1368 1561 principalis
1388 1496 1430 1544 ex
1451 1496 1490 1543 eo
1512 1480 1596 1545 torte
1610 1479 1695 1561 qood

232 1658 242 1677 .
322 1594 445 1673 totitet3
466 1591 510 1656 ita
535 1596 572 1654 ut
595 1589 762 1673 ignoretur
783 1587 834 1653 uti
856 1604 978 1652 moram
1000 1585 1124 1665 trahat,
1146 1585 1194 1650 vei
1223 1590 1272 1651 est
1293 1586 1328 1650 iu
1350 1587 1480 1652 remotis
1501 1588 1550 1652 vel
1572 1587 1696 1672 lougiu-

322 1702 395 1782 quis
414 1700 567 1783 partibus:
592 1700 625 1762 iu
646 1697 697 1763 iris
717 1697 800 1761 enim
825 1696 946 1761 casibus
967 1713 1029 1758 uon
1050 1700 1099 1761 est
1120 1693 1257 1759 iacienda
1278 1693 1477 1760 denunciatio
1498 1693 1696 1777 procuratori

323 1808 384 1877 sed
398 1811 492 1877 debet
514 1809 582 1874 deri
604 1824 660 1890 per
682 1805 859 1883 aedictum,
881 1805 907 1891 si
930 1822 987 1886 per
1010 1806 1166 1869 statutum
1189 1801 1249 1867 loci
1271 1819 1334 1866 nou
1355 1802 1397 1868 ait
1418 1802 1491 1868 data
1513 1801 1571 1867 otia
1592 1801 1694 1866 torma

322 1919 509 2002 procedendi
531 1921 641 1981 contra
665 1914 807 1978 absentes
821 1917 856 1977 et
868 1913 1062 1989 6666616666,
1077 1914 1175 1993 prout
1190 1911 1263 1974 datu
1277 1915 1327 1976 ou
1347 1910 1380 1974 iu
1400 1908 1458 1973 trac
1476 1908 1623 1974 Perusina
1645 1907 1695 1969 ci-

322 2029 428 2103 vitate,
450 2026 499 2090 tio.
520 2023 536 2087 1
562 2032 698 2089 statutor
719 2021 807 2086 rudr.
830 2019 892 2083 171
917 2023 954 2084 io
975 2019 1089 2084 oddtrt.
1104 2027 1132 2083 ot
1156 2020 1191 2083 io
1206 2015 1229 2079 2
1242 2018 1292 2081 tid.
1308 2017 1396 2081 rudr.
1410 2013 1464 2092 26,
1488 2031 1570 2096 quae
1591 2014 1691 2081 turma

323 2140 402 2200 essct
424 2132 562 2215 praecise
586 2130 776 2195 observanda
799 2129 858 2194 sub
879 2145 976 2211 poena
999 2127 1162 2193 nuditatis

412 2238 541 2304 611666
575 2238 673 2303 torma
706 2235 818 2303 datae
844 2242 966 2303 statuto
998 2238 1029 2301 in
1060 2237 1158 2302 dubio
1188 2241 1335 2302 (6666166
1360 2235 1592 2311 summanalia,
1624 2233 1694 2299 Ber.

325 2366 408 2413 coos.
432 2346 474 2410 12
496 2366 527 2412 o.
554 2344 596 2409 16
619 2347 668 2410 tto.
692 2344 730 2424 1,
752 2346 859 2411 ⁴Portu
890 2363 975 2411 coos
998 2344 1041 2410 st
1064 2362 1097 2409 u
1120 2342 1163 2408 23
1186 2343 1297 2422 toxa,
1328 2341 1455 2409 066666.
1477 2343 1567 2407 deis
1599 2341 1694 2406 Pede·

323 2463 420 2518 mont.
443 2452 507 2517 166
529 2471 561 2518 6.
584 2451 635 2531 16,
660 2453 765 2536 Troo.
785 2453 822 2518 dr
844 2463 970 2519 ruruct.
995 2455 1070 2535 tipo.
1091 2451 1114 2539 S
1137 2450 1181 2517 36
1205 2451 1301 2518 dtus.
1325 2451 1346 2513 2
1368 2471 1400 2518 u
1422 2450 1484 2528 29,
1507 2452 1596 2517 Ritu
1617 2457 1694 2519 166

322 2583 405 2629 cous.
428 2561 494 2627 237
517 2581 549 2627 u.
563 2561 615 2628 ·19
638 2562 687 2628 lid.
709 2562 739 2627 2
1315 2612 1321 2617 .

416 2672 466 2738 10.
487 2675 530 2740 Et
551 2673 683 2757 proinde
705 2678 795 2737 actus
817 2672 918 2737 factm
939 2676 1049 2735 eontra
1070 2670 1204 2736 formam
1227 2670 1339 2735 statuti
1354 2674 1401 2734 est
1415 2670 1481 2751 ipso
1494 2669 1568 2750 jure
1582 2668 1695 2743 nudas,

324 2782 416 2849 Botd.
430 2785 465 2847 iu
481 2782 516 2847 L.
540 2791 678 2846 cremore
699 2781 755 2845 cot.
776 2782 829 2863 tiu.
852 2779 916 2843 cod
931 2778 1094 2861 quomod,
1108 2789 1137 2842 et
1150 2777 1268 2861 quoad.
1278 2776 1400 2858 judee,
1414 2776 1506 2841 auc
1529 2793 1616 2840 ceno
1633 2771 1693 2838 137

322 2914 355 2959 o.
380 2891 421 2957 16
443 2892 492 2956 tit.
513 2887 553 2967 2,
577 2889 645 2955 sot.
667 2908 751 2954 cous.
773 2886 817 2953 63
840 2909 872 2953 u.
894 2883 939 2951 at
961 2889 1010 2953 tu.
1032 2884 1072 2966 lt,
1089 2885 1173 2954 Nau
1193 2905 1277 2954 cous.
1300 2884 1366 2950 272
1389 2907 1420 2950 o.
1442 2882 1483 2965 lt,
1507 2886 1594 2951 litor.
1618 2885 1694 2950 166

324 3017 407 3063 coos.
427 2995 474 3061 79
494 3015 526 3061 o.
550 2994 592 3060 16
614 2996 663 3061 tid.
689 2995 727 3073 1,
752 2996 852 3061 Fetio.
874 2999 910 3062 iu
933 3014 1001 3079 cop.
1033 3016 1107 3061 cum
1138 2998 1250 3062 diiecto
1272 3017 1303 3061 u.
1327 2994 1371 3061 36
1392 3006 1420 3061 et
1442 2995 1486 3060 ts
1507 3013 1588 3060 ocra
1610 3014 1694 3058 nono

323 3107 421 3187 ompt.
442 3114 524 3169 eutr.
547 3106 583 3169 dc
605 3106 765 3186 6666666,
781 3104 858 3170 Bac..
874 3106 904 3171 d
926 3123 1010 3170 cous.
1035 3104 1078 3168 12
1098 3126 1132 3170 6.
1148 3102 1190 3169 18
1213 3106 1263 3170 tu.
1279 3104 1309 3184 1,
1325 3106 1456 3170 astutus
1471 3106 1510 3169 iu
1523 3122 1585 3169 suu
1595 3121 1694 3185 ptum.
1710 3187 1712 3190 ι

319 3211 422 3294 judic.
443 3210 467 3298 S
490 3210 511 3276 3
534 3229 600 3293 cap.
623 3208 667 3274 36
690 3232 725 3276 6.
744 3212 775 3276 tt.

416 3320 467 3385 11.
488 3322 589 3386 Prout
609 3321 705 3386 etiam
735 3322 935 3404 procuraturi
957 3322 997 3387 ad
1019 3322 1213 3406 exigendum
1235 3341 1297 3388 nou
1319 3329 1422 3406 potest
1444 3329 1531 3388 recte
1545 3322 1622 3388 solvi
1637 3322 1696 3385 uisi

324 3431 447 3492 ostenso
473 3445 531 3510 per
561 3444 636 3492 eum
667 3426 815 3493 mandato
838 3444 895 3509 per
924 3429 1087 3511 pubiicum
1117 3437 1152 3496 at
1178 3431 1399 3497 authenticum
1428 3431 1698 3508 instrumentum,

326 3532 419 3598 ,satu
440 3534 477 3597 io
501 3533 536 3598 t.
554 3535 658 3617 [6366
682 3553 713 3599 6.
735 3532 779 3598 27
805 3536 929 3602 rodda
951 3540 1049 3621 furt,
1073 3538 1167 3604 Boer.
1195 3541 1285 3605 uus.
1306 3537 1369 3604 281
1394 3559 1426 3604 o.
1447 3539 1531 3619 211,
1558 3539 1636 3605 suu
1657 3540 1697 3604 de

326 3645 433 3711 Proet.
448 3661 531 3709 cous.
546 3641 589 3707 83
606 3663 638 3708 6.
658 3644 680 3707 7
703 3643 753 3709 tu.
777 3643 816 3723 1,
847 3643 945 3711 Gtoaa
967 3649 1003 3711 to
1028 3647 1064 3712 L.
1085 3665 1151 3713 ocu
1174 3651 1277 3714 sotum
1308 3649 1331 3736 S
1361 3652 1418 3734 put
1438 3652 1570 3715 nomine
1590 3652 1698 3714 otioso

324 3756 358 3817 io
381 3752 461 3817 ocri.
483 3752 569 3817 dedet
590 3755 677 3816 circo
699 3755 778 3817 oud
796 3754 827 3836 ff
845 3755 883 3818 do
902 3771 1056 3836 procur„
1080 3764 1114 3823 et
1135 3758 1187 3823 atii
1209 3759 1299 3826 relati
1321 3777 1339 3824 a
1363 3758 1430 3826 dou
1453 3761 1489 3824 tu
1512 3759 1550 3823 L.
1574 3757 1591 3821 1
1618 3763 1651 3824 tn
1675 3757 1697 3820 6

321 3863 445 3945 fottcut.
467 3881 499 3926 o.
524 3860 542 3924 1
565 3864 630 3927 cod
651 3881 686 3926 co
710 3864 756 3928 tu.
1078 3881 1080 3886 ·
1649 3945 1651 3948 v

415 3963 465 4034 12.
487 3968 656 4035 coeterum
679 3975 790 4053 pomet*
804 3970 944 4038 dubitari
966 3991 1004 4039 au
1028 3975 1114 4041 recte
1143 3975 1282 4041 sotiatur
1313 3975 1387 4041 huic
1408 3976 1609 4059 procuratori
1630 3993 1695 4038 uon

323 4078 484 4144 exhibenti
507 4077 738 4160 mandatumst
761 4080 879 4146 caverit
900 4098 994 4146 suum
1017 4083 1218 4166 principalem
1241 4089 1346 4149 ratum
1370 4084 1557 4149 habituram
1576 4084 1695 4147 duram

322 4189 526 4254 solutionem:
547 4206 606 4269 pro
629 4189 820 4254 resolutione
850 4190 941 4272 cujus
971 4189 1175 4257 dubitationis
1205 4193 1335 4258 videnda
1356 4196 1431 4258 saut
1452 4192 1537 4257 dicta
1560 4208 1613 4273 per
1634 4207 1699 4254 uos

323 4312 393 4377 cop.
418 4295 534 4360 LXIV
550 4297 586 4360 dc
608 4297 813 4362 6666666666
832 4300 1029 4380 procurando
1051 4316 1072 4361 6
1093 4312 1310 4381 procuratore.

414 4400 465 4467 13.
486 4405 530 4470 Et
550 4404 591 4469 de
611 4409 817 4486 procuratore
837 4405 876 4470 ad
891 4405 1140 4472 contrahendum
1155 4408 1241 4488 quod
1256 4414 1424 4489 autequam
1440 4408 1479 4472 ad
1495 4412 1605 4472 actum
1621 4421 1702 4471 cou-

324 4512 469 4577 trahendi
492 4514 636 4592 accedat,
657 4513 769 4579 debeat
790 4514 830 4578 de
852 4532 908 4580 sua
932 4515 1081 4582 iacuitate
1101 4521 1135 4581 ct
1155 4522 1312 4600 potestate
1333 4516 1426 4581 tidem
1450 4517 1570 4594 tacere,
1595 4512 1705 4590 sort,

322 4625 355 4684 et
378 4622 590 4686 communiter
610 4620 681 4701 aiii,
705 4621 741 4685 L.
766 4620 781 4683 1
806 4623 870 4687 cod
892 4625 1029 4689 6663366
1061 4627 1201 4690 cuutou
1227 4629 1352 4708 pipuor.
1382 4639 1449 4690 ooo
1471 4625 1592 4703 deden,
1621 4640 1704 4689 eum

323 4729 391 4793 aliis
412 4729 581 4795 cumulatis
602 4748 619 4794 a
644 4728 771 4795 Bortuz.
793 4747 876 4796 cous
898 4734 980 4798 ciott.
1001 4733 1100 4798 766.
1122 4731 1183 4814 13,
1212 4745 1241 4800 et
1263 4753 1346 4800 cour.
1372 4731 1434 4797 166
1456 4751 1490 4797 u.
1512 4730 1557 4797 st
1582 4732 1639 4797 tide
1664 4730 1708 4806 1,

324 4835 408 4902 Rim.
433 4835 509 4901 166.
532 4854 616 4904 oeus.
637 4834 698 4902 ott
727 4858 758 4903 n.
783 4837 826 4901 12
848 4849 877 4904 et
898 4855 977 4923 supp.
999 4843 1048 4908 tid.
1070 4839 1101 4906 6
1141 4864 1145 4873 ·
