3734 5750
450 334 453 341 ·
559 313 616 381 on
629 288 1024 389 'namummmnns
1045 322 1133 391 car.
1155 323 1270 393 cxiv.
1535 326 1601 395 cac

323 502 341 543 a
365 480 516 561 Quamvis
537 489 646 549 autem
667 485 707 548 de
723 485 862 551 mandati
883 497 995 554 natura
1010 492 1061 569 sit,
1076 496 1114 557 ut
1129 511 1185 574 per
1199 494 1293 561 unius
1310 494 1356 561 vel
1370 496 1498 564 alterius
1512 518 1598 564 mor·

234 597 341 656 «tem
376 592 422 656 vel
454 610 636 659 consensum
669 592 874 672 dissolvatur,
903 600 1044 661 attamen
1066 598 1097 662 id
1128 600 1234 681 plures
1256 604 1368 685 recipit
1397 604 1599 670 limitationes

234 724 253 763 s
277 720 357 783 quae
379 708 531 785 poterunt
554 701 664 766 reierrl
689 702 720 764 in
743 704 847 783 sopite
871 701 932 768 CX
941 704 987 769 VI
1005 706 1101 770 buius
1123 710 1225 787 opens
1249 712 1415 776 recensitas
1437 729 1494 794 per
1509 711 1599 774 Moz-

232 834 251 873 s
274 815 364 876 zium
386 813 424 876 ds
448 820 601 876 connect.
624 811 669 875 tu.
692 811 727 873 ds
742 812 885 875 νηααάαν.
907 809 931 895 §
953 813 1057 894 finnt,
1073 818 1106 877 et
1122 831 1178 896 per
1202 815 1333 880 Montio.
1350 818 1385 881 dc
1400 820 1483 882 lacit.
1506 818 1554 881 lib.
1576 814 1598 878 7

232 943 249 982 u
275 922 319 986 n't.
341 918 403 996 23,
419 921 474 985 ubi
490 920 673 1002 praesertim
696 939 728 983 n.
749 915 793 982 00
809 929 837 983 ct
853 938 947 1003 sopp,
964 921 1047 984 illam
1068 922 1167 987 tradit
1180 923 1205 986 si
1223 924 1404 988 mandatum
1420 926 1464 989 ita
1480 924 1597 989 iactum

231 1051 250 1090 s
274 1028 316 1093 sit
339 1033 377 1092 ut
398 1027 644 1092 irrevocabiliter
666 1034 846 1109 perseveret
869 1045 968 1107 usque
990 1030 1029 1093 ad
1052 1036 1175 1095 certam
1199 1035 1342 1113 tempus,
1359 1030 1453 1098 θανά.
1468 1034 1504 1096 dc
1521 1032 1598 1095 Luc.

231 1156 249 1195 a
273 1135 310 1198 de
333 1143 429 1198 tutor.
453 1143 481 1198 st
503 1135 758 1199 administrator.
780 1136 809 1198 d.
832 1136 905 1200 diss.
928 1133 972 1198 20
995 1156 1026 1201 n.
1050 1134 1101 1201 10.

320 1264 337 1302 s
362 1243 547 1307 Mandatum
570 1242 682 1307 datum
705 1242 743 1306 ad
768 1242 1028 1325 praesentandum
1052 1245 1147 1308 etiam
1170 1263 1244 1310 curn
1272 1247 1450 1327 juramento
1473 1247 1512 1311 de
1535 1263 1596 1309 non

231 1370 249 1408 α
273 1350 454 1425 revocando,
477 1366 512 1413 re
535 1351 657 1433 integra
681 1350 821 1414 revocari
844 1357 948 1432 potest
969 1352 1021 1416 sed
1045 1370 1106 1416 non
1128 1354 1226 1436 petita
1257 1355 1488 1419 absolutiones
1510 1356 1598 1437 jura⁴

230 1479 248 1518 s
273 1465 398 1536 mento,
412 1458 558 1523 dominns
580 1459 642 1521 erit
665 1458 829 1540 periurus,
855 1459 950 1524 θανά.
974 1460 1009 1524 de
1033 1461 1112 1525 Luc.
1134 1463 1170 1524 dc
1187 1460 1264 1542 jure
1286 1471 1449 1543 putronut.
1463 1463 1535 1526 disc.
1554 1457 1597 1522 62

230 1587 248 1626 α
273 1583 305 1628 n.
329 1561 384 1642 13,
407 1572 440 1631 et
462 1570 592 1631 notatur
616 1564 669 1631 bic
693 1566 790 1630 etiam
811 1585 906 1650 supra
930 1586 1000 1650 cup.
1024 1568 1067 1634 09
1089 1572 1131 1634 αά
1153 1589 1185 1635 n
1207 1568 1237 1634 8.

316 1696 335 1735 c
360 1674 546 1739 Mandatum
567 1675 677 1739 datum
700 1676 738 1739 ad
761 1677 1018 1742 consentiendum
1035 1679 1185 1762 pensioni,
1200 1684 1247 1743 est
1262 1678 1522 1759 quandocumque
1546 1694 1596 1741 re-

229 1804 247 1843 s
271 1782 407 1847 vocabile
429 1800 464 1847 re
487 1783 609 1867 integra
623 1784 746 1849 etiamsi
761 1784 803 1848 sit
815 1785 977 1865 juratum,
995 1786 1091 1852 θανά.
1106 1789 1142 1851 dc
1159 1786 1235 1849 Lus.
1250 1786 1285 1849 dc
1298 1785 1501 1867 pensionibus
1524 1784 1597 1847 disc.

230 1910 248 1948 u
273 1886 316 1952 39
339 1909 371 1952 n.
394 1887 424 1951 2.

318 2017 336 2056 α
359 1995 452 2076 Quod
476 1998 664 2080 generaliter
686 2000 717 2064 in
741 1997 799 2064 bac
822 2002 954 2068 materia
976 2004 1146 2068 beneficiali
1169 2009 1334 2086 receptum
1348 2007 1396 2067 est
1410 2002 1492 2067 circa
1507 2019 1599 2066 man-

228 2126 246 2164 s
269 2106 359 2182 data,
375 2105 516 2185 quamvis
528 2108 707 2188 juramento
722 2108 794 2173 data
811 2109 850 2173 ad
865 2111 1120 2175 consentiendum
1144 2111 1208 2177 sive
1230 2112 1311 2175 circa
1335 2111 1417 2191 ipsos
1431 2125 1596 2173 cousensus

227 2235 246 2273 s
270 2213 436 2295 praestitos
457 2213 660 2297 resignationi
683 2215 824 2280 beneficii
847 2216 887 2280 ad
909 2217 1040 2283 alterius
1062 2218 1216 2295 favorem,
1238 2218 1285 2282 vel
1309 2215 1534 2300 permutationi
1550 2213 1595 2277 vel

228 2345 246 2384 s
270 2323 499 2405 coadjutorius,
521 2326 558 2388 ut
581 2322 751 2389 admittant
772 2342 894 2406 semper
917 2326 1139 2407 poenitentiam
1156 2343 1191 2390 re
1206 2327 1345 2408 integra,
1360 2323 1457 2387 donec
1479 2320 1596 2386 scilicet

227 2439 359 2500 sactus
379 2432 562 2516 perficiatur
592 2450 649 2515 per
679 2449 862 2498 consensum
893 2434 995 2515 Papae
1025 2434 1081 2514 qui
1112 2433 1200 2498 illum
1232 2433 1350 2497 animat
1371 2447 1407 2494 ac
1429 2427 1594 2501 informat,

227 2563 246 2604 u
274 2541 369 2608 θανά
391 2544 427 2606 de
450 2543 527 2606 Luc.
549 2543 587 2606 de
608 2542 815 2623 pensionibus
838 2538 1026 2606 dolendi)
1050 2534 1082 2606 n.
1104 2537 1134 2604 3.

314 2647 366 2714 30.
388 2648 481 2729 Quod
503 2657 608 2714 tamen
640 2649 783 2731 procedit
804 2649 836 2713 in
858 2648 1025 2732 hypothesi
1046 2649 1131 2732 quod
1164 2647 1245 2712 adsit
1277 2645 1379 2725 aliqua
1398 2643 1481 2724 justa
1503 2656 1595 2704 causa

227 2757 408 2835 revocandi,
432 2763 469 2821 ut
500 2756 599 2821 tradit
629 2755 800 2821 (inminet
824 2757 963 2822 Francis.
984 2760 1013 2822 ά
1035 2776 1104 2838 cop.
1125 2758 1179 2839 pto.
1201 2756 1238 2820 dc
1256 2770 1386 2835 procur.
1407 2752 1443 2815 in
1465 2746 1496 2827 d,
1520 2748 1596 2812 Fri-

225 2865 321 2930 dcvic.
336 2864 372 2929 ds
390 2863 481 2932 Senis
497 2883 580 2930 cons.
597 2862 659 2928 101
676 2866 711 2930 in
724 2867 787 2948 fin,
801 2866 889 2932 Alex.
904 2867 941 2932 de
957 2865 1049 2943 Neon,
1065 2866 1120 2947 qui
1135 2865 1211 2931 alios
1226 2862 1378 2940 cumulat,
1397 2868 1514 2946 quusst.
1530 2854 1594 2920 207

224 2991 257 3036 n.
282 2970 324 3034 12
347 2972 396 3037 vv.
422 2970 449 3038 1.
564 3029 567 3040 .

314 3076 365 3145 31.
387 3080 466 3145 Nam
485 3083 704 3163 iuramentum
726 3083 871 3163 sequitur
893 3088 1039 3151 naturam
1061 3088 1258 3159 contractus,
1280 3081 1333 3145 cui
1354 3079 1500 3163 adiicitur
1523 3097 1590 3160 cup.

224 3188 489 3270 quenadmodum
512 3200 591 3255 eutr.
612 3192 649 3255 ds
666 3191 807 3272 jurejuv.

312 3291 363 3356 32
379 3295 466 3362 Unde
482 3314 554 3362 cum
570 3305 750 3365 contractus
764 3300 902 3365 mandati
916 3301 959 3366 sit
972 3299 1012 3363 de
1026 3301 1075 3367 sui
1091 3304 1203 3366 natura
1219 3297 1409 3372 revocabilis,
1426 3296 1592 3364 utdictum

224 3406 290 3482 est,
312 3403 373 3467 tale
392 3404 606 3485 iuramentum
629 3412 678 3472 est
699 3411 809 3471 contra
831 3412 979 3472 naturam
1008 3407 1167 3487 mandati,
1196 3406 1300 3474 Scucc.
1323 3405 1360 3468 dc
1378 3402 1479 3485 judic.
1500 3400 1549 3465 lib.
1575 3397 1592 3461 1

224 3529 294 3594 cop.
319 3509 359 3573 10
381 3512 438 3577 sub
461 3531 493 3577 n.
514 3508 568 3580 02

313 3616 364 3684 30
387 3621 431 3687 Et
452 3622 522 3687 ideo
544 3642 607 3687 non
629 3626 772 3690 obstante
792 3625 972 3706 iuramento
987 3624 1126 3690 revocari
1142 3622 1277 3707 poterit,
1295 3620 1400 3688 Scucc.
1415 3616 1451 3680 ds
1465 3623 1593 3681 umens.

225 3736 254 3793 et
277 3747 311 3795 rc
329 3728 429 3810 judic.
452 3728 548 3795 Glosn
570 3730 591 3793 7
616 3742 737 3813 quaest.
757 3728 779 3794 3
800 3732 866 3795 lim.
888 3727 911 3794 0
933 3752 964 3797 n
985 3729 1038 3798 09.

313 3833 365 3902 30.
387 3838 431 3904 Et
451 3838 581 3920 proinde
602 3857 664 3903 non
687 3838 813 3904 videtur
835 3840 996 3906 fidendum
1011 3842 1050 3906 de
1066 3840 1250 3906 Riminotdo
1267 3837 1402 3902 iuniore
1416 3834 1492 3898 dum
1509 3844 1592 3894 cons.

225 3942 331 4010 usus.
341 3943 383 4008 10
397 3942 477 4009 tina
492 3945 584 4024 dixit,
599 3946 781 4012 mandatum
797 3947 866 4012 fleri
880 3948 1079 4014 irrevocabile
1094 3965 1150 4030 per
1164 3949 1391 4030 juramentum,
1402 3938 1592 4006 auctoritate

224 4053 326 4119 Rotae
348 4055 436 4118 dcciv.
461 4049 540 4135 100,
562 4072 645 4138 pune
667 4067 710 4120 cst
731 4052 754 4118 8
772 4057 812 4146 'dc
829 4076 962 4138 procur.
983 4059 1020 4122 in
1042 4059 1143 4139 antiq.
1165 4057 1239 4122 licet
1259 4055 1373 4139 alleget
1394 4053 1486 4116 decis.
1520 4042 1590 4111 103.

312 4157 364 4225 30.
386 4162 445 4228 Sed
468 4162 519 4227 illa
541 4163 685 4244 loquitur
700 4165 739 4228 de
756 4165 902 4231 mandato
917 4165 1104 4247 respiciente
1118 4165 1238 4246 aliquid
1252 4161 1424 4247 spirituale,
1439 4176 1502 4239 quo
1517 4173 1589 4220 casu

223 4271 379 4336 revocatio
410 4270 489 4336 iacta
521 4276 631 4336 contra
657 4274 871 4354 juramentum
902 4273 1090 4354 praestitum
1113 4273 1151 4337 de
1174 4272 1226 4337 illo
1248 4288 1309 4335 non
1339 4263 1519 4341 revocando,
1542 4263 1590 4325 est

222 4380 324 4457 nulla,
347 4382 384 4444 ut
407 4381 532 4446 resolvit
553 4381 596 4446 ibi
621 4381 723 4458 Rutu,
746 4387 780 4447 et
801 4381 945 4461 munitur
970 4380 1063 4447 Creo.
1086 4399 1168 4445 cons.
1193 4377 1255 4442 170
1278 4378 1334 4442 sub
1357 4395 1389 4440 n.
1414 4371 1452 4437 11
1470 4364 1587 4435 cers?

222 4487 370 4567 respond.
392 4490 476 4568 quod
497 4490 665 4554 immolib.
691 4488 729 4565 1,
768 4490 913 4554 Vannio
937 4490 966 4554 d
989 4492 1034 4555 tit.
1056 4492 1093 4555 dc
1114 4491 1280 4554 nullisne
1301 4489 1405 4571 defece
1435 4477 1589 4546 indebilis.

223 4613 256 4659 n.
279 4592 343 4658 108
366 4596 409 4659 od
428 4597 483 4678 fin.

313 4698 364 4766 30.
385 4703 497 4769 Nostra
519 4711 626 4772 autem
648 4708 820 4792 disputatio
841 4714 891 4775 est
910 4709 994 4774 circa
1015 4707 1195 4791 prophanas
1217 4705 1301 4772 ratio
1329 4710 1435 4771 autem
1458 4698 1587 4768 diversi-

223 4811 298 4877 tatis
320 4811 403 4877 inter
423 4829 460 4878 ea
483 4812 534 4880 illa
557 4815 714 4899 redditur,
728 4819 803 4901 quia
826 4819 859 4886 iu
881 4816 1095 4901 spirituslibns
1116 4833 1178 4882 non
1199 4814 1285 4882 cudit
1305 4815 1464 4889 interesse,
1477 4814 1511 4874 et
1525 4822 1587 4871 11⁰ss
