3734 5750
322 321 386 392 600
757 310 958 383 [0000101
979 303 1101 383 010061
1124 306 1271 379 macr.

324 518 342 556 ι
367 489 494 559 notabili
511 490 647 572 impensa
660 484 784 553 desumi
800 484 888 563 solet,
900 485 994 568 juxta
1007 500 1045 547 ea
1059 498 1141 564 qnae
1154 482 1237 547 circa
1252 478 1392 546 mandati
1408 481 1697 565 pmasnnpaonem

323 624 341 664 s
368 600 557 676 traduntur,
579 594 730 679 quonlam
750 610 793 659 eu·
819 596 904 658 recte
928 590 1105 676 procedunt
1126 589 1165 654 ad
1186 588 1424 655 substruendam
1454 589 1606 672 judicium
1638 609 1696 657 seu

327 731 344 771 e
369 724 567 792 procedam,
598 703 836 783 solvendamque
857 718 927 766 earn
949 700 1148 778 nudimtem,
1169 715 1251 780 quae
1272 698 1385 764 deduci
1410 698 1490 764 solet
1510 717 1551 764 ex
1573 700 1699 765 debota

326 841 344 879 a
369 816 524 894 mandati,
556 813 681 895 qnando
703 812 742 876 de
764 810 818 876 illo
838 813 976 893 opponat
999 808 1081 873 idem
1105 807 1276 885 mandans,
1301 807 1361 872 sub
1382 808 1473 890 cujus
1499 806 1627 872 nomine
1649 805 1699 869 ille

233 986 242 995 ,
324 948 344 986 α
368 926 556 1007 procurator
585 919 764 1003 comparuit
795 923 828 985 et
859 917 1019 998 actitavit3
1041 934 1129 982 secas
1160 920 1267 983 autem
1290 916 1343 980 ubi
1366 915 1464 981 altera
1486 934 1559 998 pars
1581 915 1621 979 de
1644 914 1701 979 boc
1831 956 1832 965 α

327 1052 344 1091 ι
368 1046 516 1113 expresse
538 1026 682 1110 opponit,
704 1025 855 1108 quonum
878 1029 964 1119 recte
985 1024 1091 1089 dicere
1113 1028 1217 1106 potent
1236 1041 1293 1088 aua
1317 1024 1466 1090 urterease
1489 1029 1527 1090 ut
1548 1024 1701 1090 doceatur

322 1162 344 1219 ‚a
368 1139 407 1204 de
429 1154 578 1221 expresso
600 1133 767 1213 mandato3
789 1137 860 1198 tum
883 1132 922 1197 ad
946 1130 1095 1197 ellectum
1117 1129 1299 1214 inspiciendi
1321 1148 1360 1194 an
1377 1130 1454 1196 illud
1469 1131 1511 1196 sit
1526 1149 1648 1211 veram,
1661 1148 1701 1195 ne

327 1236 443 1313 salias
464 1244 595 1308 cuilibet
616 1242 714 1309 tertio
737 1240 796 1306 sub
817 1240 945 1306 nomine
968 1257 1004 1305 ac
1028 1257 1159 1323 persona
1180 1239 1312 1305 alterius
1334 1239 1460 1323 litigare
1474 1239 1506 1303 in
1521 1239 1625 1304 aalma
1638 1258 1700 1304 uon

328 1377 346 1415 «
371 1352 532 1429 habentis,
546 1350 670 1415 licentia
695 1348 858 1414 tribuatur
872 1348 943 1413 lites
958 1364 1143 1441 promovere
1166 1366 1202 1413 ac
1225 1348 1360 1429 aliquem
1377 1365 1505 1427 vexare3
1520 1353 1590 1413 tum
1605 1348 1699 1413 mum

330 1482 348 1522 e
373 1460 412 1524 ad
435 1459 533 1524 alium
555 1457 703 1523 ellectum
726 1455 907 1539 inspiciendi
930 1473 969 1520 an
993 1455 1070 1520 illud
1091 1458 1133 1522 sit
1155 1455 1347 1540 legitimum,
1365 1461 1404 1521 ut
1417 1457 1449 1520 in
1464 1473 1539 1523 casu
1556 1456 1702 1522 victoriae

329 1589 347 1629 s
370 1566 544 1649 coltitigrns
565 1570 672 1631 certus
695 1563 848 1629 reddatur
870 1563 912 1631 de
934 1562 1093 1629 validitate
1113 1564 1225 1646 judieii
1245 1569 1279 1629 et
1299 1569 1463 1641 actorum,
1485 1581 1522 1630 ac
1543 1565 1642 1630 etiarn
1663 1565 1699 1630 de
1833 1594 1834 1619 α

243 1706 246 1712 n
329 1695 347 1733 a
373 1673 521 1738 facultate
552 1672 759 1754 recuperandi
789 1689 950 1754 expensae
982 1672 1120 1753 ideoque
1144 1690 1256 1756 magna
1279 1678 1328 1740 est
1348 1673 1527 1740 differentia
1548 1693 1643 1759 agere
1662 1676 1699 1741 de

330 1807 348 1845 r
372 1782 538 1850 sufficienti
569 1781 715 1846 mandato
744 1782 840 1848 etiam
871 1786 1076 1864 praesumpto
1099 1781 1147 1846 vel
1168 1780 1258 1865 legali
1281 1781 1347 1847 siae
1369 1781 1468 1865 pertis
1492 1783 1696 1865 oppositione,

332 1914 350 1952 «
374 1892 413 1956 ad
436 1889 585 1955 ellectum
608 1887 777 1954 validitatis
798 1891 943 1955 actorum
966 1893 999 1954 et
1021 1889 1060 1954 ad
1083 1889 1218 1955 atterum
1248 1890 1397 1956 ellectum
1420 1891 1560 1957 formalis
1578 1893 1697 1975 opposi-
1834 1924 1835 1991 p

332 2023 350 2061 «
375 2001 470 2067 tionis
492 2016 550 2082 pro
572 1997 802 2082 legitimatione
822 2015 990 2080 personae,
1008 1997 1106 2063 θανά,
1128 1999 1166 2063 de
1191 1998 1268 2062 Luc.
1281 1999 1319 2063 de
1328 1998 1461 2079 tudiciis
1479 1999 1556 2062 disc.
1579 1994 1619 2061 12
1632 1993 1697 2061 stt

331 2132 350 2170 a
374 2119 402 2174 et
426 2108 465 2184 6,
488 2111 522 2172 et
544 2106 596 2171 bic
618 2123 746 2188 quoque
770 2112 901 2188 potarum
923 2106 1035 2170 reterri
1058 2124 1094 2171 ea
1115 2124 1197 2188 quae
1218 2106 1412 2172 adnotantur
1432 2122 1503 2186 cap.
1518 2101 1539 2169 8
1554 2107 1597 2170 ad
1610 2124 1642 2168 a.
1657 2100 1696 2165 87

332 2242 350 2280 ι
373 2218 458 2282 eima
478 2219 694 2299 comparentes
717 2232 783 2298 pro.
797 2214 936 2297 capitulo
959 2214 1006 2278 vel
1030 2214 1218 2280 monasterio
1234 2213 1282 2278 vel
1295 2213 1431 2291 civitate,
1453 2229 1536 2293 quae
1551 2211 1698 2276 habentur
1835 2232 1836 2311 a

334 2347 351 2386 ι
376 2324 461 2407 apud
485 2322 579 2389 Garat
602 2322 638 2385 de
659 2324 737 2388 Luc.
759 2323 797 2386 de
814 2322 946 2403 judicto
969 2323 1026 2386 too
1049 2323 1154 2387 eodem
1175 2323 1251 2388 diac.
1273 2319 1315 2384 12
1336 2341 1369 2387 s.
1391 2319 1422 2387 6.

424 2454 441 2492 α
465 2433 533 2496 tlon
555 2431 717 2497 sufflaiunt
731 2431 984 2515 praesumptivae
998 2431 1197 2514 probationes
1210 2430 1335 2513 quando
1350 2436 1400 2497 eet
1414 2431 1495 2496 laeta
1510 2430 1698 2514 protestatio,

336 2561 353 2600 ι
379 2540 534 2605 neminem
556 2538 659 2604 audiri
684 2539 743 2605 nisi
765 2539 859 2605 docto
874 2538 913 2603 de
927 2539 1070 2622 legitimo
1093 2540 1240 2607 mandato
1262 2557 1435 2623 procume,
1450 2535 1699 2605 obcaecatae

335 2666 409 2713 «a.
432 2644 476 2711 32
494 2664 568 2729 pur.
592 2646 653 2727 10,
674 2657 702 2713 et
725 2646 816 2714 docte
840 2644 904 2711 106
927 2667 960 2711 aa.
982 2643 1005 2710 8
1024 2665 1098 2730 por.
1120 2644 1143 2711 8
1166 2648 1293 2714 Rem.

425 2781 443 2819 a
466 2755 539 2836 Quo
562 2775 636 2825 casu
658 2757 841 2823 mandatum
857 2774 899 2822 ex
914 2756 1168 2840 praesumptione
1189 2758 1342 2824 resultans
1363 2777 1426 2824 non
1442 2754 1699 2835 admittitur,nisi

336 2889 353 2929 e
378 2873 568 2952 procurator
581 2867 761 2934 mationem
776 2870 915 2951 praestet
928 2865 970 2932 de
984 2870 1071 2942 rato,
1087 2864 1158 2931 Rot
1171 2866 1201 2932 d
1215 2864 1306 2932 deols
1321 2863 1386 2934 020
1401 2866 1459 2931 aud
1473 2886 1506 2931 rt
1519 2861 1565 2929 01
1579 2880 1649 2946 par.
1664 2857 1699 2924 10

337 2997 354 3036 ι
381 2976 506 3042 licceat.

426 3108 444 3146 «
471 3085 554 3150 iloto
577 3089 700 3164 tamen,
722 3104 784 3150 non
807 3085 950 3151 obstante
972 3086 1208 3168 protestatione,
1229 3085 1397 3151 admittere
1418 3084 1497 3150 solet
1525 3081 1699 3147 mandatum

339 3214 357 3252 a
381 3195 670 3277 praesumptivum,
693 3193 780 3258 decis.
803 3191 846 3257 68
870 3213 900 3259 n.
924 3193 941 3257 1
964 3211 1039 3276 par.
1065 3192 1103 3257 11
1128 3194 1253 3260 licceat

425 3303 546 3367 allam
568 3305 609 3369 ab
630 3304 739 3369 eadam
763 3303 846 3370 Rota
869 3309 1032 3385 umquam
1055 3305 1241 3370 validissima
1265 3305 1411 3370 limatur
1432 3302 1606 3381 comiado,
1623 3297 1699 3382 quod

338 3434 356 3472 r
382 3410 565 3478 mandatnm
581 3423 734 3496 pronume
749 3414 903 3496 probetur
916 3431 958 3478 ex
972 3414 1158 3497 coniecturis
1171 3419 1205 3480 et
1219 3412 1534 3497 praesumptionibus,
1555 3410 1645 3475 decta
1662 3402 1703 3470 80

339 3518 589 3597 aalma
614 3517 986 3600 montacutulo
1009 3542 1042 3587 o.
1066 3522 1180 3604 bpar.
1202 3519 1347 3601 adeo
1369 3516 1434 3584 170
1455 3520 1513 3585 set
1535 3538 1567 3583 a.
1590 3514 1632 3592 3,
1655 3514 1702 3578 dc·

340 3622 532 3691 «ont-ib
563 3625 734 3706 300112,
757 3630 846 3694 decia.
875 3627 943 3694 722
966 3627 1198 3713 αιοραν.3,
1221 3631 1313 3695 decta.
1347 3626 1408 3692 166
1436 3648 1468 3695 o.
1492 3627 1511 3692 1
1535 3636 1563 3692 et
1596 3626 1703 3704 8,ὼ·

340 3756 358 3794 a
382 3737 436 3800 eis.
459 3731 524 3800 001
550 3756 582 3801 α.
603 3734 625 3798 7
646 3754 717 3818 par.
739 3734 850 3801 brom.
875 3735 911 3813 1,
936 3740 1025 3804 decis.
1047 3735 1113 3802 666
1136 3759 1166 3803 n.
1192 3736 1251 3814 13,
1275 3739 1368 3805 deria.
1389 3736 1455 3803 670
1478 3758 1511 3803 α.
1531 3734 1575 3801 28
1596 3729 1703 3818 peel

344 3853 462 3908 atam.
482 3841 524 3918 8,
549 3844 640 3914 <laada⁴
671 3840 738 3913 tlt
760 3864 792 3910 a.
816 3842 858 3910 10
880 3863 953 3928 par.
975 3847 997 3910 6
1019 3855 1091 3912 tom.
1116 3844 1153 3923 1,
1176 3848 1266 3912 decta.
1297 3845 1360 3912 187
1384 3867 1415 3912 o.
1440 3843 1485 3911 10
1501 3862 1576 3927 par.
1598 3841 1636 3921 6,
1656 3841 1703 3905 de·

343 3954 440 4017 atis
460 3949 527 4016 200
547 3973 580 4018 o.
606 3950 646 4015 16
667 3970 740 4035 por.
762 3951 783 4017 0
807 3961 880 4018 tom
914 3952 953 4032 1,
974 3956 1065 4020 decis.
1086 3950 1153 4020 000
1176 3975 1207 4020 a.
1230 3954 1251 4019 2
1275 3966 1302 4021 et
1329 3954 1386 4033 12,
1411 3954 1500 4019 decis.
1522 3950 1589 4018 072
1610 3972 1641 4015 aa
1664 3946 1705 4012 12

344 4073 372 4124 ι’·
385 4080 456 4145 por.
478 4062 500 4128 0
522 4071 594 4128 tom.
615 4059 654 4140 2,
669 4063 758 4126 decis.
780 4059 846 4126 320
870 4079 903 4130 u.
924 4058 970 4126 00
989 4081 1061 4145 por.
1086 4062 1145 4142 10,
1166 4064 1262 4132 decis·
1281 4059 1346 4128 100
1367 4062 1435 4128 ull
1456 4071 1484 4126 ct
1509 4060 1552 4126 10
1568 4075 1637 4141 pur.
1654 4052 1705 4131 13,

341 4195 358 4233 a
383 4183 412 4238 et
432 4174 521 4236 decis.
544 4170 772 4254 50112100.
790 4167 833 4235 10
849 4172 974 4237 licceat.
997 4176 1104 4253 Atque
1128 4173 1204 4238 istae
1221 4173 1321 4237 Rotae
1336 4171 1542 4237 auctoritates
1562 4171 1707 4251 poteram

341 4283 481 4348 aetia·
503 4281 703 4362 relemioop.
727 4277 766 4342 81
791 4282 836 4346 ed
859 4298 890 4345 a.
912 4277 954 4361 6,
976 4279 1031 4345 ubi
1052 4280 1170 4363 pluries
1199 4280 1370 4346 adnotatur
1400 4277 1478 4343 baec
1499 4276 1605 4342 eadem
1633 4290 1706 4337 oou

340 4411 360 4450 ar
384 4389 490 4455 dnbio.
561 4417 564 4428 ¹
700 4401 705 4408 '
1578 4427 1581 4432 Δ

358 4504 371 4556 i
401 4525 405 4534 ·
431 4495 573 4566 tabum
594 4499 690 4582 pund,
713 4500 897 4566 mandatum
911 4519 974 4566 non
988 4500 1181 4584 productum
1196 4515 1258 4565 aon
1275 4500 1401 4577 rebrat,
1419 4500 1551 4564 Decius.
1571 4513 1653 4559 coos
1666 4487 1709 4555 65

343 4619 375 4671 nl
399 4604 439 4670 17
460 4608 512 4672 da'd.
532 4607 748 4682 tt·,·:Poarno..
763 4610 799 4673 da
822 4611 897 4692 apol.
928 4611 978 4675 lta
1002 4608 1018 4672 1
1053 4609 1110 4674 sud
1141 4628 1173 4672 α.
1198 4603 1279 4686 107,
1307 4607 1493 4674 dumosae.
1522 4605 1614 4669 duas
1647 4601 1712 4666 Lu-

342 4723 421 4782 bente
443 4714 606 4794 06761,
630 4723 663 4783 ct
685 4718 768 4786 iacit.
785 4720 859 4784 aaa
881 4719 970 4784 dacto.
994 4715 1058 4783 287
1082 4738 1114 4782 n.
1136 4715 1157 4779 2
1180 4719 1217 4781 ta
1239 4726 1370 4781 correct.

369 4859 373 4868 ·
405 4821 523 4892 abab
545 4834 732 4910 procurator
755 4843 1041 4912 comparans,=non
1064 4829 1220 4912 prodacto
1242 4827 1409 4906 moneto,
1430 4830 1576 4892 cenmtur
1600 4821 1713 4886 babere
