3734 5750
487 365 544 436 DE
568 362 952 434 Paoaonn'romsstts.
972 366 1061 431 CAP.
1083 363 1262 430 LXXXVI.
1495 363 1561 434 idi)

281 540 332 606 17.
355 539 536 607 Dummodo
559 557 620 602 non
643 537 740 603 eoiret
756 541 842 623 ¹post
872 535 1133 618 protestationem
1163 534 1221 598 sibi
1243 550 1261 598 e
1282 534 1424 599 debitore
1450 537 1563 604 iactam

194 669 233 718 oe
255 651 371 730 coiret,
394 650 430 714 L.
453 651 480 714 ri
500 666 563 729 pro
585 657 614 711 tc
635 649 670 711 in
691 648 813 726 princ,
844 647 878 709 et
900 643 943 708 ibi
967 641 1059 706 Bart.
1077 641 1107 723 ff
1124 639 1267 704 mandat.

283 757 333 825 m
354 761 516 842 Expemas
537 763 642 822 tomm
674 754 769 818 iactas
790 757 863 818 ante
886 749 1147 833 protestationem
1169 748 1304 829 repetit,
1328 748 1364 811 Ι.
1383 750 1435 831 fin.
1456 752 1493 814 in
1509 752 1561 832 fin.

188 868 255 932 cod
278 869 316 931 de
340 884 442 949 neqon
462 875 534 947 qest.

609 1072 640 1142 C
663 1070 699 1139 A
715 1072 748 1138 P
767 1070 801 1139 11
818 1071 851 1139 Τ
901 1068 1141 1140 LXXXVII.

428 1297 483 1363 mc
506 1292 718 1361 neronio
740 1290 956 1360 exrnmso
980 1293 1039 1359 ma
1061 1262 1326 1361 sotmmon.

717 1526 1041 1576 sultuna!

278 1731 309 1796 l.
332 1730 525 1796 Mandatum
546 1730 593 1794 ad
614 1728 796 1793 aoieendnm
819 1729 948 1811 meando
970 1730 1010 1792 rit
1032 1745 1224 1811 cauterium

278 1838 310 1904 2
331 1838 384 1904 An
405 1848 572 1904 censeatur
593 1838 707 1901 datum
728 1854 786 1917 per
807 1838 916 1901 literar
939 1837 1150 1902 credentiatcn

275 1945 308 2013 3
332 1948 532 2013 Premruor
554 1945 670 2011 babent
691 1944 753 2010 tate
776 1943 968 2009 mandatum
992 1954 1091 2027 patent
1123 1947 1218 2011 ctiam
1250 1944 1365 2009 coluere
1388 1955 1496 2027 opunte

236 2066 238 2073 '
389 2048 417 2120 et
440 2057 508 2119 cine
525 2054 656 2135 judicio.

277 2159 309 2228 lt.
332 2162 425 2228 Debet
446 2172 554 2226 tamen
577 2179 702 2227 meare
725 2161 769 2225 ad
782 2180 922 2243 unquem
936 2163 1078 2244 munem
1102 2162 1265 2240 nunaut,
1279 2163 1362 2228 atior
1377 2163 1496 2228 debitor

391 2288 458 2334 non
480 2280 658 2335 remaneret
680 2271 841 2335 liberatur.

277 2377 310 2444 b.
334 2378 378 2444 Et
398 2378 482 2444 debet
504 2382 618 2445 mirere
638 2397 711 2444 cero
733 2380 901 2455 creditori,
923 2382 972 2444 oct
991 2379 1062 2460 vcjnc
1082 2381 1217 2461 teqitimo
1237 2385 1452 2462 procuratori.

275 2484 309 2549 b
333 2485 370 2552 st
392 2488 490 2552 rotem
513 2505 580 2551 non
601 2505 674 2551 aero
704 2488 852 2552 creditori
883 2489 929 2551 oct
952 2487 1021 2568 einr
1039 2491 1246 2570 procuratori
1277 2491 1412 2572 thitima
1444 2510 1497 2557 aa·

387 2597 474 2659 renti
493 2596 648 2659 mandata
668 2595 786 2660 mbitar
809 2615 876 2661 nau
899 2596 1061 2660 liberatur.

275 2698 309 2766 ’1.
334 2701 387 2767 Sic
409 2704 503 2766 etiam
526 2704 555 2766 ci
576 2703 674 2767 anteat
697 2702 886 2783 conjunctae
906 2719 1061 2784 perronae
1084 2704 1253 2769 traditorie

278 2808 311 2876 8.
335 2810 402 2878 Nm·
423 2811 572 2879 creditori
595 2820 670 2877 erret
687 2811 745 2893 inc
767 2813 951 2895 quaecum
976 2829 1017 2877 cu
1036 2810 1203 2892 mniuncti
1225 2822 1401 2879 contractu

270 2918 309 2984 e.
335 2920 419 2999 (inid
441 2922 470 2983 ci
490 2922 589 2985 cotuat
610 2937 683 2984 cero
703 2924 926 3003 praecentori,
941 2921 995 2987 aed
1014 2938 1074 3003 per
1096 2930 1229 2986 mortem
1249 2923 1437 2989 mundantia
1451 2927 1500 2990 aci

390 3028 484 3093 aliter
506 3030 674 3092 revocato?

251 3133 309 3199 itt
336 3135 534 3200 Procurator
555 3153 622 3200 non
637 3137 744 3217 impiet
759 3138 954 3202 mandatnm
966 3154 1026 3219 per
1037 3141 1281 3219 promissionem
1296 3139 1333 3204 dc
1346 3142 1498 3222 rotoendo,

388 3242 442 3306 ted
463 3242 547 3307 debet
569 3260 639 3307 ecre
661 3261 701 3308 aa
723 3246 854 3309 realiter
876 3247 1001 3310 eumn.
1095 3275 1104 3292 ·

251 3348 308 3413 11.
334 3348 371 3415 Si
392 3351 521 3416 mandet
542 3369 601 3416 auo
623 3351 753 3417 debitori
775 3362 812 3417 ut
833 3353 933 3418 cotom
956 3356 1105 3420 creditori
1126 3355 1329 3436 manaamn,
1350 3357 1407 3421 mc
1432 3377 1497 3423 non

390 3460 546 3525 tiberatur
568 3462 632 3526 niti
652 3461 687 3525 id
707 3463 810 3544 saciat
831 3478 890 3542 per
920 3464 1008 3526 ciam
1038 3479 1130 3527 cerae
1152 3463 1374 3544 dcieqationic,
1396 3466 1497 3531 aredi-

385 3579 455 3634 tarc
476 3580 643 3652 praesente
665 3580 759 3653 atque
789 3579 981 3651 acceptante

253 3674 309 3740 12
336 3674 423 3740 Idem
444 3678 584 3758 procedit
607 3679 635 3742 n'
656 3678 721 3759 ipre
742 3677 861 3741 debitor
882 3678 1052 3743 mandaret
1074 3696 1132 3743 ruo
1154 3677 1283 3743 debitori
1305 3687 1342 3743 nt
1356 3695 1415 3742 tua
1430 3696 1497 3743 cre-

389 3785 485 3849 ditori
506 3787 640 3850 micaret

251 3891 310 3958 13.
333 3892 396 3959 Nec
422 3896 500 3959 tatis
534 3895 651 3960 debitor
683 3903 860 3961 remaneret
901 3895 1052 3960 liberatur
1082 3914 1104 3960 a
1134 3898 1215 3961 dicto
1245 3894 1313 3975 ejus
1347 3896 1497 3963 creditore

390 4004 565 4069 mandante
589 4013 624 4068 ut
648 4022 714 4068 nan
733 4007 834 4085 ponit
856 4006 997 4086 amptiuo
1020 4005 1059 4068 ab
1077 4021 1116 4068 ea
1137 4005 1309 4069 conveniri.

252 4108 310 4178 m.
334 4112 422 4178 Ittnd
452 4115 538 4178 enim
561 4122 604 4178 cat
624 4131 749 4195 purum
772 4123 799 4179 et
821 4115 957 4195 aimpteac
986 4114 1178 4177 mandatum
1208 4111 1349 4194 quadro
1371 4113 1495 4195 inthra

389 4223 653 4307 quandocumque
675 4224 818 4286 revocari
840 4224 928 4287 natet

248 4332 307 4398 15.
331 4332 393 4398 Iter
415 4334 452 4396 in
482 4334 644 4414 proposito
676 4349 741 4396 non
764 4331 925 4395 diceretur
955 4332 1078 4409 inteqra
1099 4328 1127 4391 ri
1145 4335 1340 4409 procurator
1360 4327 1495 4392 cotoiaact

389 4444 436 4507 eei
456 4459 487 4505 ce
508 4441 668 4522 obliquaret
691 4441 883 4504 soluturum.

251 4552 308 4617 16.
341 4552 389 4616 Vct
409 4553 438 4614 n·
452 4550 617 4616 debitorem
640 4565 711 4612 nere
732 4557 761 4612 et
783 4549 911 4613 reatiter
941 4546 1104 4627 dethacret
1136 4545 1282 4610 creditori
1310 4545 1495 4611 nanaamtr

387 4659 551 4741 praesenti
570 4666 598 4722 et
620 4658 809 4737 acceptanti
1398 4662 1401 4670 ·

251 4769 308 4835 17.
342 4769 391 4832 Vei
409 4770 440 4832 ci
458 4768 611 4849 ponderet
636 4783 796 4830 summam
816 4763 998 4829 corneam
1015 4764 1053 4826 in
1067 4781 1127 4827 cuo
1150 4759 1251 4825 codice
1274 4758 1318 4824 ad
1338 4758 1495 4824 creditum

389 4877 475 4941 itlius
497 4876 552 4940 cui
571 4873 693 4940 debebat
716 4873 831 4939 ratane
855 4873 908 4936 itta
926 4879 1092 4952 praecunte
1114 4871 1162 4933 oet
1182 4866 1368 4949 ratificante.

1321 4972 1361 5035 57
