3734 5750
300 347 366 417 its
620 394 623 399 ,
730 338 1244 414 66606616666116661.

368 515 647 597 ,3666666616
672 513 737 597 ipso
759 516 923 581 contractu
946 510 1113 593 emptionis
1133 510 1248 589 oritur,
1274 508 1307 575 L.
1329 526 1397 574 666
1420 508 1582 581 efflatur
1603 508 1675 579 cod.

300 630 337 694 de
360 629 461 705 estet,
485 626 557 691 Dec.
580 614 663 687 6666.
685 618 752 686 les
775 640 807 687 6.
831 619 891 700 111,
915 617 1006 685 Curi.
1029 617 1107 683 166.
1129 637 1212 685 eoos.
1236 615 1279 683 38
1301 616 1380 697 62,
1401 624 1436 684 61
1457 638 1513 685 666
1532 622 1675 691 diximus

302 740 334 803 in
356 744 445 802 tract.
468 734 504 797 66
527 731 669 797 censibus
690 746 762 813 por.
785 727 806 791 2
829 746 898 810 cop.
922 725 939 790 1
964 736 1081 810 666661.
1103 724 1125 791 3
1147 736 1208 793 ort.
1234 725 1251 789 1
1275 747 1307 790 6.
1330 725 1373 793 23
1393 738 1428 803 et,
1445 726 1498 795 26.
1552 796 1556 805 ,

332 896 336 917 ,
390 842 443 908 36.
462 844 506 911 Et
528 839 658 924 proinde
680 840 738 905 iste
761 841 949 921 procurator
972 835 1131 901 vendendo
1152 836 1271 919 poterit
1292 837 1332 900 de
1354 836 1507 905 evictioue
1529 836 1576 901 rei
1599 852 1676 899 uen-

300 952 385 1018 ditare
407 951 612 1035 promittere,
637 944 962 1012 5661666666
986 941 1029 1007 22
1051 940 1366 1023 6616631166
1399 943 1471 1011 seo.
1500 941 1671 1021 6666151

302 1082 335 1127 6.
358 1057 400 1126 16
423 1059 475 1124 111.
500 1057 528 1122 1.
1547 1104 1551 1111 .

389 1163 441 1230 36.
463 1166 506 1231 Et
526 1164 642 1245 absque
673 1162 788 1239 dubio,
810 1162 884 1243 quia
908 1163 968 1228 ista
1000 1162 1164 1245 promissio
1191 1162 1293 1229 tendit
1323 1162 1363 1229 66
1384 1163 1672 1248 perleotionandum

302 1277 499 1339 contractum
524 1269 726 1347 venditionis,
748 1273 787 1335 61
809 1269 927 1335 scilieet
949 1273 1075 1353 emptor
1096 1272 1138 1337 sit
1158 1288 1288 1338 securus
1310 1272 1337 1337 si
1360 1289 1410 1339 res
1439 1272 1536 1339 siant
1558 1275 1606 1341 rel
1627 1275 1675 1339 al-

302 1380 362 1447 teri
395 1380 529 1463 obligata
562 1378 769 1457 venderetur,
791 1395 872 1458 qnae
903 1382 1070 1461 propterea
1101 1372 1204 1462 pomet
1233 1381 1272 1447 nb
1292 1385 1436 1464 emptore
1465 1384 1610 1464 eromri,
1634 1384 1675 1451 66

301 1490 386 1572 quod
409 1487 575 1572 praecipue
596 1485 698 1552 tendit
728 1485 811 1555 diota
841 1485 1006 1568 promissio
1036 1485 1076 1552 de
1098 1488 1267 1569 evictione,
1299 1487 1335 1552 L.
1358 1486 1379 1553 3
1402 1497 1431 1554 61
1452 1498 1507 1555 tot
1529 1491 1675 1575 111661

304 1596 533 1661 6666666161.

392 1702 445 1769 37.
468 1704 672 1769 Procuratori
693 1708 802 1771 autem
824 1708 970 1770 oensetur
991 1703 1064 1771 dato
1087 1703 1220 1773 iaeultm
1237 1705 1414 1789 explicandi
1435 1723 1473 1773 ea
1494 1723 1575 1788 quse
1605 1712 1675 1773 ten·

304 1813 447 1907 duntad
470 1812 693 1896 perfectionem
726 1829 838 1878 eorum
869 1806 1005 1894 quaein
1028 1812 1174 1877 mandute
1205 1812 1426 1893 eontinentur,
1450 1813 1489 1878 L·
1506 1816 1676 1897 6666616,

301 1927 334 1990 61
356 1923 400 1988 ihi
424 1921 484 1988 lroe
505 1926 595 1988 notat
617 1919 710 1986 Bold.
732 1922 796 1986 eod
819 1920 856 1984 de
876 1921 1042 2004 66616616,
1067 1919 1165 1986 refert
1190 1917 1259 1986 Sor.
1281 1919 1358 1987 166
1379 1921 1410 1987 6
1433 1938 1516 1987 eoos
1532 1917 1576 1985 22
1598 1916 1676 1985 nt

303 2042 332 2098 61
356 2029 399 2095 27
426 2031 476 2096 lid.
498 2026 529 2096 3.

392 2134 444 2203 38.
466 2138 509 2205 st
533 2154 591 2221 per
613 2136 693 2203 hane
716 2137 869 2205 rationem
892 2136 1016 2202 dioebot
1037 2136 1169 2220 116666
1192 2138 1282 2207 mele
1303 2137 1437 2203 166666
1452 2131 1498 2200 ss
1518 2153 1608 2201 6666
1624 2130 1678 2209 ¹2.

303 2246 388 2328 qnod
404 2250 594 2328 procurator
608 2245 648 2311 ad
663 2244 859 2313 vendendum
874 2246 974 2328 possit
994 2245 1092 2311 etiam
1114 2247 1253 2330 recipere
1275 2247 1435 2330 praecium
1459 2246 1505 2310 rei
1526 2244 1678 2321 venditae,

302 2369 376 2425 eum
401 2353 432 2418 id
456 2352 499 2419 sit
520 2352 560 2420 de
582 2357 698 2418 natura
720 2357 902 2418 contractus
931 2358 966 2419 et
989 2354 1096 2421 166661
1117 2354 1156 2420 66
1179 2355 1262 2420 illius
1282 2356 1515 2438 perlectionem
1537 2355 1582 2420 Et
1604 2353 1677 2418 11661

303 2481 364 2529 non
386 2462 489 2527 desint
510 2461 566 2542 qui
589 2461 780 2543 mntrarinm
802 2464 926 2544 purtem
949 2464 1111 2543 tueantur,
1132 2480 1212 2544 quos
1234 2468 1374 2529 reoeuset
1399 2460 1518 2528 86666.
1541 2460 1579 2527 de
1593 2476 1675 2525 666-

303 2582 407 2637 entur.
431 2573 466 2636 16
487 2571 534 2636 tit.
556 2568 593 2633 de
615 2570 759 2634 666661.
782 2588 814 2634 6.
835 2566 889 2648 23,
912 2579 941 2634 es
969 2568 1056 2634 Viae.
1078 2570 1115 2634 de
1139 2571 1279 2637 Franci.
1301 2571 1393 2636 decia
1413 2566 1480 2634 699
1501 2564 1677 2651 66661-

304 2681 363 2747 hus
384 2680 456 2745 eddi
478 2683 582 2763 potest
604 2677 678 2743 dot.
702 2675 782 2762 0166.
805 2696 887 2743 entre
909 2674 953 2740 oo
975 2676 1124 2745 69111.
1148 2677 1185 2743 1:

392 2789 531 2856 Primam
554 2793 660 2854 166666
680 2786 859 2871 opinionem
880 2789 989 2852 tenent
1010 2783 1103 2851 Bort.
1124 2788 1160 2852 io
1184 2787 1219 2852 L.
1239 2786 1323 2871 61166
1354 2805 1387 2851 6.
1411 2783 1482 2868 26
1500 2783 1538 2850 de
1569 2782 1679 2859 66161,

306 2902 380 2967 nee.
402 2901 438 2964 16
461 2900 497 2965 L
517 2899 706 2983 6116666611.
728 2916 760 2968 6
782 2945 791 2962 .
811 2945 819 2962 .
843 2945 851 2962 .
873 2946 882 2962 .
904 2897 969 2963 eod
990 2897 1026 2963 do
1046 2907 1151 2981 poet,
1171 2902 1205 2964 61
1227 2897 1271 2963 161
1293 2895 1425 2966 166661.
1456 2904 1484 2960 et
1505 2911 1593 2960 6666
1614 2888 1678 2955 339

306 3027 339 3074 6
361 3004 393 3085 3,
416 3006 524 3071 Poris.
547 3023 631 3070 6666
656 3002 721 3068 122
744 3024 776 3070 6.
800 3002 818 3067 1
842 2999 946 3079 11611,
974 3003 1092 3071 Stroee.
1113 3007 1144 3073 d.
1165 3025 1197 3071 6.
1220 3003 1264 3070 23
1286 3023 1366 3072 vers.
1395 3005 1537 3087 66166611
1558 3012 1602 3072 etl
1625 3001 1681 3065 1116

306 3114 467 3197 quaestio,
489 3110 622 3176 Addeot.
644 3113 690 3175 od
711 3111 802 3177 11666.
824 3114 939 3195 depol
962 3112 1016 3194 26,
1039 3114 1110 3190 Boi.
1131 3132 1243 3180 eoram
1266 3113 1399 3197 8666616
1413 3113 1504 3178 derit
1518 3107 1583 3176 318
1598 3131 1631 3176 6
1644 3105 1679 3186 d,

307 3226 342 3288 61
364 3220 447 3286 illam
470 3225 634 3302 tamquam
654 3221 836 3302 aequiorem
857 3227 1026 3304 sequutum
1046 3222 1142 3288 luisse
1164 3222 1335 3292 Consilium
1359 3220 1606 3304 Neapolitanum,
1628 3223 1679 3284 16-

300 3334 414 3397 amiur
437 3329 579 3430 116666
604 3328 741 3394 Franco.
756 3331 786 3396 6
800 3330 890 3398 decis.
905 3327 982 3413 699,
995 3332 1069 3398 lieet
1089 3332 1152 3398 late
1174 3331 1312 3399 61666666
1327 3332 1475 3416 depono,
1489 3331 1575 3396 diost
1587 3328 1681 3394 aliem

300 3438 334 3504 in
365 3442 483 3520 puncto
504 3438 585 3522 juris
606 3455 672 3504 esse
702 3439 878 3520 veriorem,
907 3445 941 3506 61
968 3440 1089 3507 nitatur
1119 3439 1285 3507 defendere
1318 3437 1496 3505 1166116111
1526 3438 1563 3502 16
1585 3435 1682 3501 66611.

301 3544 360 3611 ubi
385 3545 552 3627 respondet
575 3546 753 3626 contrariis
774 3552 808 3614 61
829 3547 909 3614 hano
930 3547 1165 3616 distinctionem
1186 3552 1262 3615 suut
1283 3546 1420 3630 amplexi
1437 3545 1536 3612 etiam
1550 3543 1683 3610 Addest

301 3651 504 3736 66666666.
530 3652 702 3720 XVdeeis
729 3650 791 3719 139
815 3653 899 3721 68
1112 3705 1120 3724 .

341 3803 357 3832 ,
392 3784 410 3822 e
434 3763 632 3830 Procurator
655 3763 847 3830 constitutus
870 3763 910 3829 ad
934 3764 1139 3844 rendendum,
1154 3764 1345 3849 intelligitur
1369 3764 1465 3830 taeite
1487 3763 1684 3830 eonstitutus

301 3894 321 3932 s
342 3871 444 3938 etiam
470 3871 510 3938 ad
534 3870 748 3954 recipiendum
771 3872 928 3954 praetium
951 3874 990 3940 ab
1004 3877 1158 3956 emptore,
1175 3874 1291 3938 Peloro
1309 3871 1514 3955 1166666616
1528 3868 1574 3936 99
1591 3889 1623 3936 6
1640 3861 1681 3932 18

302 4001 320 4039 e
346 3978 397 4045 111.
427 3976 455 4043 1:
478 3996 553 4044 oum
575 3979 759 4045 mandatum
780 3979 892 4046 datum
914 3981 954 4046 66
976 3982 1247 4066 praeparatorium
1269 3999 1325 4048 seu
1347 3981 1531 4047 anteoedeus
1552 3997 1683 4063 praesu·

302 4109 320 4147 e
345 4092 452 4156 matur
482 4105 610 4171 quoque
641 4088 751 4160 dotum
773 4088 813 4154 ad
835 4106 928 4156 omne
950 4090 982 4155 id
1006 4092 1091 4174 quod
1123 4091 1295 4158 decenario
1324 4092 1547 4172 oomequitnr,
1569 4090 1685 4155 111666

303 4217 321 4255 s
345 4214 436 4262 oram.
458 4194 512 4261 19.
848 4227 849 4232 ¹

397 4299 450 4368 39.
472 4302 641 4370 Caeterum
662 4301 806 4386 quamvis
819 4305 859 4370 ad
874 4306 1071 4372 vendendum
1085 4308 1269 4390 requiratur
1291 4309 1474 4376 mundatum
1488 4307 1632 4392 moniale,
1646 4310 1689 4372 ut

302 4424 407 4490 sopra
428 4409 491 4476 iuit
514 4411 688 4492 firmatum,
709 4413 768 4479 iata
791 4419 896 4484 tamen
911 4415 1068 4482 eonelusio
1084 4416 1163 4482 lallit
1178 4418 1210 4483 in
1225 4418 1349 4485 duobus
1362 4419 1501 4498 ensibus3
1515 4418 1634 4500 primo,
1646 4415 1690 4480 ad

304 4514 509 4580 vendendum
524 4534 560 4583 66
575 4535 656 4599 quae
670 4519 760 4586 iaeile
772 4526 1036 4606 corrumpuntur,
1050 4524 1157 4605 quales
1170 4529 1244 4592 sunt
1257 4525 1381 4593 fruetus
1398 4544 1480 4608 quos
1494 4530 1600 4609 potest
1613 4543 1691 4608 pro

308 4626 442 4685 errator
465 4639 540 4690 eum
562 4626 700 4709 generali
722 4629 869 4696 maudnto
884 4631 1027 4710 rendere,
1042 4631 1080 4696 L
1089 4643 1286 4714 procurator
1300 4644 1444 4702 1616666
1455 4635 1486 4718 ff
1496 4635 1534 4700 de
1546 4652 1692 4717 666666,

304 4722 402 4791 Glosr.
423 4728 477 4810 66.
502 4731 537 4794 ia
572 4731 604 4796 L.
621 4746 872 4818 procuratorem,
886 4743 919 4805 et
934 4739 977 4803 ibi
993 4736 1081 4805 1166.
1097 4758 1129 4805 6.
1144 4736 1165 4803 3
1180 4741 1245 4808 eod.
1260 4744 1322 4809 666.
1337 4744 1392 4823 iit,
1407 4741 1501 4808 Bold.
1516 4759 1605 4807 6666.
1621 4737 1692 4805 138
