3734 5750
318 315 383 385 216
744 307 945 380 nuoovrcl
966 300 1087 379 Clilllll
1109 312 1254 383 ratur.

319 512 337 551 α
361 492 452 573 parte
474 503 536 551 non
557 486 752 566 opponente;
772 501 845 548 nem
865 498 941 547 cum
963 481 1038 549 naec
1059 482 1106 551 ait
1130 484 1274 567 exceptio
1303 483 1458 563 ossetoriu
1479 484 1507 550 ai
1528 484 1565 551 lis
1584 486 1682 556 inerit

318 620 337 660 a
362 594 561 681 postmodum
584 611 656 658 cum
680 595 887 673 procuratore
908 590 1082 656 substituto
1103 595 1285 672 contestata,
1299 591 1346 658 rel
1361 609 1418 673 pro
1431 596 1604 660 contemta
1625 593 1684 660 ha·

318 727 337 767 α
360 705 426 775 nita
448 720 510 767 non
532 700 665 783 amplius
686 703 790 781 potest
805 698 918 781 opponi
941 698 980 763 de
1002 698 1161 765 validitate
1182 698 1684 784 sumtiuuom,1ttdotpttn.es

316 832 338 884 *n
359 827 459 890 proca.
477 824 552 891 por.
578 805 594 869 1
620 825 688 888 cop.
710 803 731 870 3
753 826 785 871 o.
808 805 860 871 55.

408 914 647 981 munsterum
669 915 695 979 si
718 920 789 998 post
809 916 1036 999 oppositionem
1059 920 1092 981 et
1114 918 1351 1000 exceptiones,
1372 918 1568 985 mummius
1596 918 1683 985 litem

315 1043 392 1090 eum
414 1024 498 1089 dieto
522 1029 727 1106 procuratore
749 1023 923 1090 substituto
945 1029 1156 1106 prosequatur
1177 1042 1277 1107 unque
1297 1025 1337 1091 etl
1358 1026 1461 1105 linem,
1476 1031 1510 1092 et
1531 1025 1684 1108 usquead

318 1131 514 1209 sententiam,
535 1149 592 1214 per
614 1147 793 1213 processum
809 1131 848 1195 ad
867 1132 1017 1199 ulteriora
1032 1151 1093 1199 non
1108 1134 1250 1199 omento
1263 1134 1347 1201 dictu
1361 1135 1566 1218 oppositione
1579 1152 1685 1200 ceree

318 1244 373 1305 tur
391 1238 489 1321 juder
513 1239 607 1305 tacite
629 1240 837 1321 pronunciare
857 1257 954 1322 super
977 1239 1063 1306 illius
1081 1240 1257 1321 habilitate,
1277 1259 1346 1322 cup
1369 1258 1408 1307 ee
1419 1243 1554 1323 posteat
1569 1239 1591 1303 2
1605 1253 1684 1308 eote

317 1349 355 1413 dc
377 1349 542 1429 appellet,
566 1347 657 1413 Bort.
679 1349 716 1412 io
737 1347 775 1413 L
796 1349 824 1412 si
841 1349 1026 1429 procedente
1047 1349 1079 1413 rt
1093 1344 1125 1427 lt,
1139 1354 1174 1413 et
1187 1349 1230 1413 ibi
1251 1349 1314 1427 alii,
1335 1350 1400 1413 cod.
1421 1349 1458 1413 ce
1477 1350 1575 1428 ditet„
1597 1348 1684 1413 Alce

319 1476 404 1522 conc.
420 1454 462 1519 37
478 1475 510 1520 n.
525 1454 568 1520 79
584 1456 633 1520 tii.
648 1454 679 1536 2,
694 1455 816 1520 Mersit.
832 1456 867 1519 in
883 1457 918 1520 L.
934 1458 962 1520 si
976 1458 1047 1539 quis
1069 1473 1109 1520 oc
1132 1459 1270 1538 quaestio
1293 1475 1325 1518 e.
1346 1453 1390 1519 90
1408 1456 1439 1538 ff
1457 1457 1493 1520 de
1513 1457 1686 1538 quaestion

409 1562 458 1629 13.
479 1563 631 1642 Quamvis
661 1570 803 1647 tempore
833 1565 1016 1646 prolationis
1051 1565 1222 1630 senoentiae
1259 1581 1370 1630 rursus
1405 1569 1620 1646 opponeretur
1653 1568 1686 1626 et

318 1675 521 1757 exciperetur
542 1674 581 1739 de
603 1673 742 1738 mandati
772 1672 914 1752 deiectu,
938 1673 1056 1738 namsi
1080 1692 1141 1736 non
1173 1676 1368 1754 protestetur
1389 1672 1421 1736 in
1442 1671 1582 1752 quolibet
1612 1676 1686 1735 actu

317 1781 371 1847 sed
395 1782 536 1862 potiatur
565 1780 649 1862 quod
682 1786 752 1862 post
780 1780 1009 1862 oppositionem
1039 1780 1227 1863 procedatur
1256 1780 1295 1845 ad
1326 1780 1477 1845 ulteriora
1505 1798 1564 1845 nec
1589 1799 1608 1845 u
1632 1778 1685 1844 tali

319 1907 465 1971 processu
486 1889 636 1972 appellet,
657 1889 739 1954 dieta
765 1890 859 1955 tacita
888 1888 1002 1972 judicis
1023 1890 1240 1970 pronunciatio
1271 1889 1415 1955 transivit
1438 1889 1470 1953 in
1490 1887 1685 1971 judicatum,

320 2001 409 2067 licut
432 2017 515 2064 coen
537 1997 602 2061 220
624 2018 657 2063 o.
679 1997 700 2061 7
722 2000 766 2062 oct
786 1999 839 2081 fio.
860 2016 938 2063 ecre
960 1998 1071 2071 tertio,
1099 1996 1198 2062 Folio.
1221 1998 1256 2061 io
1278 2015 1347 2079 cop.
1361 1997 1565 2061 merainimus
1587 1987 1686 2058 cotlt

319 2116 514 2171 e...coetr.
543 2106 580 2170 de
610 2123 734 2185 accus,
755 2107 830 2171 Dec.
859 2124 943 2186 coos.
973 2102 1040 2169 tce
1069 2125 1102 2170 o.
1134 2103 1196 2179 12,
1221 2104 1344 2171 Mersit
1373 2106 1403 2170 ct
1434 2105 1528 2169 net
1551 2104 1624 2186 quis
1647 2119 1683 2165 uc

317 2214 459 2296 peucetio
473 2231 505 2277 α.
522 2208 605 2287 lot,
637 2212 724 2277 Voot.
746 2213 783 2277 de
805 2213 908 2277 παίίίί.
928 2214 966 2276 ia
980 2213 1026 2277 tit
1040 2213 1077 2276 de
1091 2213 1196 2278 nollit.
1210 2230 1250 2279 ee
1264 2214 1373 2295 desert.
1387 2212 1545 2281 Μία.
1560 2230 1592 2276 α
1610 2209 1686 2285 177,

320 2320 475 2389 Cabellio.
496 2321 539 2384 uu
559 2323 680 2386 constit
710 2320 833 2385 Monet
854 2320 904 2385 uo.
927 2316 949 2383 6
971 2321 1017 2384 tit
1043 2318 1102 2398 11,
1125 2318 1221 2385 Gloss.
1242 2316 1267 2383 lt
1287 2340 1319 2385 n.
1344 2318 1365 2385 3
1385 2329 1455 2401 pest
1483 2320 1589 2400 princ.
1611 2335 1686 2382 ocra

316 2440 510 2515 procuretur
531 2441 607 2497 oete
628 2431 722 2496 litem.

410 2534 460 2602 1t.
481 2541 559 2604 Nam
582 2541 614 2605 in
642 2539 841 2622 judicialibus
870 2557 932 2604 non
962 2539 1081 2605 sufficit
1112 2539 1204 2603 unica
1232 2537 1438 2619 protestatio,
1459 2537 1514 2603 sed
1540 2535 1633 2601 debet
1655 2534 1687 2599 in

317 2647 457 2728 quolibet
478 2653 552 2712 actu
576 2650 693 2730 repeti,
718 2648 788 2714 Ilot.
808 2648 898 2713 decis
920 2644 985 2711 611
1010 2666 1041 2711 rc
1063 2642 1085 2709 3
1106 2655 1191 2727 port
1215 2642 1232 2707 1
1256 2652 1284 2709 ct
1306 2644 1397 2710 decis
1419 2641 1463 2707 55
1485 2661 1517 2707 n
1533 2642 1554 2706 5
1566 2637 1686 2723 peret

319 2752 461 2833 licceat,
483 2759 516 2819 et
537 2773 593 2820 nos
615 2754 754 2820 dicemus
775 2771 844 2837 cop.
868 2755 920 2822 01
938 2756 974 2819 de
995 2758 1174 2836 surreptione
1196 2754 1352 2819 omodoo.

410 2863 460 2927 15.
482 2862 574 2943 Quod
597 2868 702 2928 temen
724 2864 913 2948 intelligitur
936 2865 962 2930 si
982 2864 1080 2946 judex
1101 2881 1196 2947 snper
1218 2861 1301 2929 dicta
1323 2859 1519 2944 oppositione
1540 2858 1687 2924 habuerit

318 2971 549 3053 cognitionem,
572 2971 664 3036 liert.
694 2972 729 3037 in
758 2973 788 3036 rt
818 2973 854 3037 L.
884 2975 913 3037 ci
941 2974 1126 3054 procedente
1147 2992 1179 3037 o.
1200 2968 1224 3035 lt
1245 2972 1309 3037 cort
1331 2972 1368 3034 de
1390 2970 1499 3046 ditat,
1521 2985 1596 3033 cum
1619 2967 1687 3033 aliis

318 3076 459 3160 allegatis
481 3078 524 3142 ibi
546 3097 602 3161 per
624 3079 759 3148 trident.
783 3082 819 3144 io
841 3082 932 3145 litero
960 3081 996 3145 P.

411 3181 461 3248 16.
482 3183 575 3263 Quod
596 3193 701 3253 umen
724 3189 907 3271 procederet
927 3190 1023 3254 etiam
1044 3190 1071 3254 si
1091 3189 1189 3272 iudex
1209 3205 1305 3271 snper
1326 3187 1410 3252 dicta
1424 3186 1607 3268 exceptione
1621 3201 1685 3249 non

321 3292 522 3372 cognoverit,
543 3294 596 3358 sed
617 3295 657 3360 ad
680 3297 830 3363 ulteriora
852 3298 1021 3381 processit,
1042 3298 1069 3363 si
1091 3316 1163 3380 pars
1182 3297 1308 3363 adversa
1338 3315 1401 3362 non
1423 3294 1538 3361 obtulit
1556 3311 1591 3359 se
1611 3312 1688 3375 pro-

320 3393 467 3462 baturam
487 3417 577 3465 suam
596 3405 815 3485 exceptionem
838 3422 895 3470 nec
916 3406 1081 3488 appellavit
1101 3407 1155 3472 sed
1178 3423 1264 3489 passa
1295 3406 1357 3471 luit
1378 3405 1418 3470 ad
1441 3404 1592 3470 ulteriora
1614 3421 1687 3484 pro

320 3504 388 3570 cedi
411 3512 448 3571 ut
470 3508 591 3586 firmat,
615 3510 706 3576 Bort.
729 3513 771 3576 ot
791 3532 823 3578 o.
846 3510 866 3576 3
888 3533 966 3580 vers
988 3516 1121 3580 edocete.

412 3613 461 3680 17.
483 3617 589 3682 Tertio
611 3617 778 3685 dubitatur
796 3639 838 3686 an
860 3628 1049 3705 procurator
1078 3624 1193 3689 helem
1213 3622 1385 3706 simplicem
1406 3618 1590 3684 nemeen
1612 3618 1684 3681 sun

321 3721 490 3803 stituerunt,
511 3724 538 3789 si
560 3727 732 3793 substituat
752 3730 879 3797 amittat
899 3731 1080 3797 facultatem
1108 3732 1275 3797 exercendi
1302 3729 1441 3794 olllcium
1463 3727 1685 3809 procuratorio

323 3827 359 3892 ln
381 3843 442 3909 qua
465 3829 660 3900 dubitatione
682 3837 851 3903 resolutive
873 3839 1068 3921 prooeclentlo
1089 3841 1245 3905 comtituo
1275 3838 1501 3904 conclusionem
1523 3833 1686 3899 alllrmati-

323 3951 411 4014 vam‚
434 3936 534 4002 Felin.
556 3941 592 4003 io
613 3957 683 4023 cap.
705 3944 741 4006 ία
762 3943 862 4009 literis
882 3948 940 4010 cul.
961 3943 983 4010 3
1005 3965 1081 4012 cers.
1110 3948 1195 4027 cide,
1218 3946 1311 4010 eeu
1333 3963 1365 4008 α.
1380 3993 1389 4007 .
1404 3992 1412 4008 .
1426 3991 1435 4008 .
1450 3952 1530 4007 extr.
1552 3943 1590 4006 de
1611 3943 1686 4024 offic.

322 4043 433 4123 deleo,
465 4044 553 4110 Vuot.
574 4048 611 4111 cle
633 4051 738 4115 ααίίίε.
759 4052 796 4116 io
818 4055 864 4118 tit.
884 4054 921 4118 de
943 4055 1047 4120 uellit
1077 4073 1118 4119 ee
1149 4056 1256 4139 defeat.
1284 4053 1438 4118 ioltclite't
1460 4073 1493 4116 n.
1518 4047 1599 4129 lot,
1621 4049 1687 4115 Go-

323 4149 462 4220 oridliua
477 4174 560 4220 coos.
584 4152 647 4222 tte
669 4177 702 4222 o.
724 4157 767 4224 92
788 4160 838 4225 lit.
860 4159 898 4238 2,
921 4163 994 4226 Dec.
1014 4181 1096 4230 coos.
1116 4161 1162 4226 77
1185 4158 1472 4241 estaperseo
1493 4175 1571 4222 cers
1594 4157 1688 4222 tertie

319 4258 551 4341 principaliter.

413 4388 430 4426 a
456 4371 623 4455 Postquam
646 4383 834 4459 procurator
854 4379 1020 4444 substituit
1046 4377 1162 4442 decinit
1190 4394 1256 4443 esse
1277 4380 1484 4459 procurator,
1506 4373 1688 4454 Ridolptire

325 4490 342 4529 t
366 4472 409 4538 in
421 4492 518 4555 praet
534 4491 621 4560 port.
647 4480 663 4545 l
687 4502 757 4568 cap.
781 4483 801 4550 3
824 4505 856 4550 o.
878 4482 930 4550 69.

413 4602 430 4640 t
454 4582 513 4648 Sed
537 4589 638 4668 primo
659 4591 719 4657 hoc
741 4611 803 4658 uon
826 4596 967 4677 procedit
988 4596 1014 4659 si
1036 4600 1223 4677 procurator
1245 4590 1566 4660 luitconstitutuactl
1579 4589 1694 4672 pluras

326 4703 494 4769 «cauum
522 4712 593 4762 earn
620 4699 649 4764 ei
677 4701 844 4768 sutsutuit
872 4703 906 4768 in
939 4721 998 4769 ure
1029 4720 1120 4769 cam
1153 4708 1295 4770 remanet
1323 4705 1511 4785 precentor
1543 4699 1575 4763 in
1599 4697 1689 4777 aliis,

325 4814 344 4856 α
370 4793 551 4880 Ridotptat.
573 4804 643 4870 totu
664 4827 696 4871 o.
717 4807 770 4873 70.
