3734 5750
317 295 383 364 060
531 318 536 327 ·
743 292 944 363 euroram
967 294 1088 362 OENCI
1108 294 1257 368 7110οΤ.

318 458 626 534 0000000800
627 511 726 528 .....
748 458 1686 547 10100,00000000820.300’0.2,Ρο0’00.00

315 576 439 662 probor.
458 583 544 658 port.
567 571 584 635 1
609 590 677 655 cop.
700 568 742 635 33
766 592 798 638 0.
821 570 884 647 30,
909 571 1009 638 linire
1031 591 1115 637 0000.
1137 570 1179 637 00
1202 592 1233 637 rt
1255 572 1276 635 7
1301 574 1350 639 et.
1373 574 1412 653 0,
1443 575 1513 642 liat.
1545 577 1686 645 (100000.

318 681 468 753 0001000
481 703 513 749 a.
536 679 557 746 3
579 700 657 747 vers.
679 698 737 745 000
758 680 1058 762 diminuerentur
1083 679 1180 746 Sora.
1202 679 1291 745 00010.
1307 679 1373 746 200
1392 702 1424 747 0.
1439 679 1472 759 8,
1490 682 1561 749 Bor.
1575 702 1686 750 coram

319 797 452 864 010000.
474 793 564 859 decis.
587 790 650 855 100
673 811 704 855 0
725 785 749 855 0
769 799 798 854 ct
820 790 910 854 00010.
933 786 998 853 132
1018 808 1052 853 0.
1074 785 1096 853 6
1115 804 1189 870 por.
1211 786 1233 851 2
1255 788 1365 855 (time

201 972 210 989 ι
408 926 425 964 a
451 904 643 968 Procurator
665 899 802 964 mandati
826 900 903 963 fines
923 897 1076 963 excedens
1096 897 1260 963 dominum
1281 896 1401 981 obligat
1421 897 1547 979 quoties
1569 901 1689 963 mactat

321 1033 339 1072 a
363 1013 466 1095 ipsum
485 1008 610 1074 sciuisse
631 1023 796 1077 excessum
817 1010 851 1071 et
872 1005 1026 1084 1000100,
1047 1002 1182 1071 Aeolio.
1203 1005 1329 1071 resatut
1351 1004 1394 1070 27
1417 1026 1449 1071 0.
1471 1003 1502 1070 2.

407 1139 425 1178 o
450 1115 611 1193 Mandane,
631 1113 758 1196 quando
780 1113 843 1178 iuit
862 1114 1053 1179 certioratus
1072 1112 1112 1177 00
1133 1131 1265 1180 0100000
1288 1115 1474 1181 monetarii
1494 1121 1528 1183 ct
1551 1135 1610 1183 non
1634 1135 1684 1183 re·

320 1249 338 1288 a
362 1224 525 1303 ammovit,
547 1227 693 1290 censetur
717 1221 921 1300 consenuere,
945 1220 1016 1289 Bor.
1038 1218 1255 1286 accelero.
1273 1218 1313 1284 17
1327 1238 1403 1303 por.
1419 1220 1460 1285 12
1476 1222 1601 1288 Recens

408 1332 438 1399 3.
459 1335 537 1398 Nam
552 1330 625 1397 licet
640 1331 819 1415 hujusmodi
834 1330 962 1395 scientia
976 1335 1009 1395 et
1024 1329 1173 1412 patient'n
1189 1348 1249 1395 non
1263 1330 1306 1395 sit
1318 1329 1429 1395 efficax
1451 1329 1490 1395 00
1512 1329 1684 1395 iaciendum

319 1443 477 1529 praesumi
500 1459 615 1507 novum
640 1440 836 1519 mandatum,
851 1439 991 1504 maxime
1013 1437 1139 1520 quando
1161 1437 1314 1503 resultare
1336 1441 1439 1521 000001
1460 1436 1684 1521 praejudicium

319 1550 379 1633 ipsi
400 1548 580 1627 mandanti,
602 1553 640 1613 ut
662 1546 802 1612 diximus
833 1545 912 1628 Gap.
947 1546 1091 1612 xxxii
1120 1545 1316 1612 0100000000
1337 1547 1380 1610 00
1402 1548 1531 1628 moncia
1560 1547 1686 1629 000000

317 1666 568 1738 promor:
716 1736 719 1743 ῃ

407 1761 438 1829 0.
459 1765 567 1829 Potest
597 1769 701 1830 tamen
722 1763 846 1846 operari
869 1762 1120 1845 ampliationem,
1141 1763 1356 1829 ertennonsm
1377 1769 1411 1829 et
1432 1763 1682 1847 prorogationem

319 1870 979 1954 maniatipraeoedcntis,1iicx.otccns
999 1866 1045 1934 80
1066 1871 1233 1936 0....00.
1254 1869 1294 1950 0,
1318 1870 1402 1937 Bion
1427 1869 1501 1937 800
1522 1867 1682 1937 0000067

320 1999 352 2045 0
367 1977 388 2042 0
402 1979 453 2045 rto
467 1975 508 2058 3,
523 1979 577 2044 riri
601 1978 686 2045 aro.
700 1983 779 2047 100.
794 1980 830 2043 ia
845 1976 954 2057 00010,
979 1977 1074 2060 Cepit
1095 1996 1178 2044 0000.
1199 1976 1266 2042 272
1288 1998 1320 2044 0.
1344 1975 1408 2042 112
1431 1976 1684 2058 0102110000

320 2092 374 2155 cia.
396 2086 418 2153 3
440 2089 477 2153 dc
509 2105 595 2153 cour.
624 2106 753 2170 possess.
775 2097 803 2152 et
823 2089 977 2169 proprias.
1000 2088 1035 2151 io
1058 2088 1174 2170 antip,
1196 2086 1297 2151 Barz.
1327 2087 1418 2153 decia
1449 2083 1492 2150 68
1515 2105 1549 2150 0.
1569 2083 1631 2160 22,
1653 2090 1686 2149 et

318 2198 545 2285 magistraliter
565 2197 732 2281 intinguit
756 2196 858 2260 Pina.
878 2195 922 2259 00
945 2193 980 2260 L.
995 2193 1017 2256 2
1032 2195 1096 2259 000
1116 2194 1155 2258 dc
1176 2193 1311 2259 0000100.
1334 2195 1446 2259 coedit
1457 2210 1532 2275 par.
1547 2191 1569 2255 2
1583 2189 1683 2274 cepi

319 2330 351 2376 0.
374 2308 417 2374 10
437 2321 466 2375 ot
489 2308 549 2388 10,
575 2309 649 2372 Por.
670 2307 761 2372 00010.
784 2301 850 2371 eta
873 2325 906 2371 0.
927 2301 949 2366 3
973 2313 1002 2369 et
1023 2300 1046 2367 0
1067 2305 1118 2369 uo
1143 2302 1160 2367 1
1186 2306 1221 2369 10
1244 2311 1373 2371 correct

407 2414 436 2481 0.
459 2415 547 2496 Quae
563 2421 667 2482 tamen
682 2415 839 2480 conclusio
856 2414 899 2479 ita
914 2413 1045 2478 demum
1061 2411 1215 2494 procedit,
1229 2411 1253 2477 si
1270 2410 1567 2494 procuratorene
1581 2414 1686 2474 amum

319 2523 545 2604 inpraesentia
568 2523 616 2588 vei
638 2522 762 2588 nom‘me
786 2520 978 2600 mandantis,
1001 2537 1089 2585 secus
1105 2520 1132 2586 si
1153 2519 1338 2603 simpliciter
1365 2519 1490 2585 nomine
1511 2517 1607 2584 001011
1630 2535 1688 2582 non

317 2647 482 2712 expresso,
504 2647 576 2695 uam
600 2634 677 2695 tunc
699 2629 915 2713 praesumitur
937 2628 1040 2693 iacere
1061 2629 1187 2695 nomine
1210 2628 1357 2711 proprio,
1376 2628 1409 2693 0.
1430 2637 1458 2693 rt
1477 2629 1584 2709 00010
1605 2628 1636 2710 ff
1652 2628 1688 2691 oe

318 2740 427 2821 roim,
449 2737 548 2805 Bure
568 2757 653 2804 0000.
674 2735 740 2803 360
762 2757 794 2803 rt
816 2734 1075 2802 tenerescere
1096 2737 1147 2803 00.
1169 2731 1200 2802 0.

395 2845 435 2914 0.
458 2850 501 2916 nt
522 2847 694 2914 dnmmodo
715 2845 786 2914 talis
807 2845 934 2912 scientia
956 2850 990 2910 et
1012 2845 1162 2929 patientia
1186 2844 1356 2929 probetur,
1371 2841 1468 2909 Bure
1489 2843 1518 2907 0.
1541 2860 1632 2907 cem.
1645 2839 1688 2906 03

318 2977 396 3025 cers
417 2958 561 3023 000000.

409 3087 427 3126 s
451 3064 578 3129 Domini
599 3065 727 3129 orientia
749 3070 799 3130 ert
818 3064 947 3130 omnino
970 3062 1138 3146 petuma,
1159 3064 1232 3145 qnia
1248 3063 1281 3127 in
1293 3061 1391 3128 00010
1406 3057 1582 3143 ignorantia
1596 3072 1685 3138 prae

256 3193 266 3212 ·
320 3199 338 3238 e
363 3175 520 3252 sumitur,
542 3172 676 3238 1000110
700 3173 825 3238 recolat.
848 3169 892 3235 27
915 3192 948 3236 0.
971 3168 1000 3236 3.

408 3279 440 3345 7.
461 3280 622 3346 Secundus
644 3297 733 3345 casus
752 3286 809 3359 est,
831 3281 856 3345 si
875 3283 1064 3362 procurator
1079 3279 1221 3344 iaciatur
1236 3295 1318 3359 quae
1332 3275 1495 3342 consuevit
1509 3274 1686 3357 iacereipsc

319 3386 478 3466 mandans,
503 3386 538 3450 L.
560 3387 607 3451 cci
629 3389 854 3452 0010000000
871 3387 902 3469 ff
919 3389 956 3451 00
976 3389 1136 3470 01000000
1156 3388 1292 3465 aetiam,
1314 3386 1399 3452 Rieu.
1422 3384 1497 3451 Sec.
1520 3401 1606 3450 0000.
1625 3378 1689 3446 336

318 3512 352 3558 0.
375 3490 420 3557 36
441 3492 491 3559 ru.
511 3490 547 3572 2,
562 3494 676 3559 Mami.
690 3514 774 3560 0000
800 3491 841 3557 16
864 3514 896 3560 rt
917 3491 981 3570 06,
996 3495 1124 3562 Bertoz.
1139 3514 1223 3560 coar.
1235 3490 1304 3560 069
1325 3514 1357 3559 0.
1382 3491 1424 3558 18
1445 3495 1497 3558 uu.
1518 3492 1542 3556 2
1565 3496 1600 3558 10
1618 3492 1687 3561 Ori

318 3602 430 3665 minoi.

407 3703 437 3773 8.
458 3708 609 3788 Quamuis
639 3711 822 3777 mennatum
853 3717 933 3777 esset
964 3712 1083 3778 fletum
1114 3731 1189 3779 000
1220 3712 1324 3796 eliqua
1346 3713 1465 3781 ditione
1496 3713 1635 3786 terren
1655 3719 1687 3778 et

319 3832 392 3880 curn
415 3815 550 3881 termino
573 3818 769 3897 restrictiva,
792 3820 924 3885 Derion.
948 3838 1031 3885 coos.
1053 3818 1097 3884 60
1120 3841 1152 3886 0.
1174 3818 1195 3883 6
1217 3821 1320 3887 1102

407 3917 438 3987 9.
461 3924 550 3989 Etsi
570 3924 610 3988 de
631 3926 857 3990 consuetudine
880 3927 1055 3993 mandantis
1077 3946 1137 3992 non
1161 3935 1337 4008 constaret,
1351 3932 1377 3995 si
1392 3937 1582 4013 procurator
1597 3933 1685 3996 iaciat

318 4044 354 4092 ea
375 4030 605 4109 queruntur
623 4032 851 4100 cousuetudine
865 4035 925 4100 ioci
951 4036 981 4100 in
1007 4051 1071 4115 quo
1087 4039 1302 4119 procuratoris
1324 4039 1425 4104 officio
1447 4039 1605 4123 iungitur,
1626 4060 1686 4104 non

319 4136 437 4202 dicitur
451 4138 603 4204 excedere
618 4139 693 4206 flues
707 4141 857 4220 mandati,
874 4142 971 4208 11010.
987 4161 1070 4208 0000.
1094 4140 1138 4207 66
1162 4164 1193 4209 0.
1208 4142 1230 4207 6
1244 4144 1294 4211 00.
1308 4140 1341 4224 0,
1358 4146 1503 4227 Perper.
1518 4165 1603 4211 0000.
1623 4144 1686 4210 176

320 4264 354 4310 re
375 4243 420 4308 12
442 4245 491 4310 iit.
516 4244 555 4325 1,
573 4248 702 4313 Derion.
723 4267 809 4314 coos.
828 4246 875 4314 60
898 4269 929 4315 0.
953 4248 973 4313 0
995 4251 1044 4317 00.
1068 4250 1100 4330 2,
1115 4252 1198 4318 iiim.
1220 4249 1299 4318 100.
1319 4271 1402 4319 coca.
1426 4250 1468 4318 20
1483 4272 1517 4318 0.
1534 4250 1643 4317 titio
1658 4251 1688 4332 1,

323 4353 419 4419 Sora.
440 4355 529 4420 decis.
551 4353 617 4422 213
638 4377 670 4422 0.
691 4351 729 4433 l,
755 4357 826 4424 not.
848 4357 991 4424 000000.
1013 4360 1105 4427 oses.
1129 4357 1193 4427 103
1216 4382 1248 4427 0.
1271 4358 1441 4445 310100,
1467 4361 1616 4428 01000030
1635 4363 1686 4426 ae

320 4461 374 4525 oia.
393 4457 461 4525 200
481 4482 513 4528 0.
536 4462 558 4528 a
579 4464 629 4529 tit.
650 4514 657 4528 .
679 4513 687 4529 .
709 4515 718 4546 ,
740 4465 811 4532 nor.
833 4484 942 4532 coram
967 4466 1091 4536 000010
1114 4469 1203 4536 decis
1229 4469 1345 4537 1030
1369 4469 1420 4536 11.

411 4569 460 4636 10.
482 4573 685 4657 intelligendo
707 4578 812 4639 tamen
834 4574 874 4639 de
896 4576 1123 4644 0000000000
1143 4595 1226 4659 quae
1248 4579 1426 4663 respicitur
1441 4597 1522 4661 qnae
1543 4582 1619 4646 sunt
1636 4594 1685 4642 ac-

317 4678 450 4741 cessoria
473 4683 506 4743 et
526 4678 566 4744 00
589 4685 701 4748 natura
722 4688 813 4748 actus
843 4684 899 4764 orei
932 4687 1074 4768 geritur,
1099 4685 1182 4751 1100.
1206 4688 1283 4754 000.
1305 4690 1335 4755 0.
1356 4708 1441 4755 coos
1462 4687 1506 4756 23
1530 4706 1619 4754 000.
1643 4682 1682 4748 16

311 4792 347 4848 ,0
365 4801 428 4867 rap.
