3734 5750
492 319 547 388 nn
572 317 956 389 rnoouanronmus.
978 321 1183 411 616666.
1460 324 1525 390 sss

247 485 296 557 16
318 491 457 571 Quinto,
472 495 628 572 quotenus
648 488 805 554 ratideaos
827 490 867 555 sit
889 489 929 555 de
952 492 1092 574 personis
1114 507 1194 571 quae
1218 510 1279 558 non
1304 499 1432 575 ponunt
1455 513 1530 560 eorr-

161 595 288 666 trahere
302 599 367 663 sine
382 599 477 663 certis
491 597 753 675 solemnitatibus,
770 600 962 678 requiritur,
977 599 1061 680 qnod
1071 600 1238 665 ratificatio
1253 602 1309 666 ilat
1323 618 1395 666 cam
1410 604 1526 669 eisdem

159 708 416 785 solemnitatibus,
437 723 517 788 qnae
539 705 668 771 fuissent
691 705 880 771 necessariae
903 707 936 770 in
959 707 1167 787 explicatione
1189 708 1265 772 dicti
1288 714 1377 773 actus
1399 709 1454 789 qui
1477 728 1529 774 ra-

161 816 272 882 tificari
304 815 413 890 debet,
439 813 534 881 Orno.
566 831 649 877 cous.
678 811 741 876 771
766 834 797 876 6.
824 812 936 878 1266.
959 812 999 889 6,
1024 815 1109 879 Aret.
1132 834 1215 880 coos.
1241 815 1303 880 128
1326 820 1382 880 eol.
1404 816 1435 895 2,
1458 819 1530 884 Dee.

161 940 256 991 6666..
274 920 339 987 636
366 942 397 987 6.
417 919 458 1001 6,
483 921 614 989 066666.
645 939 727 985 cous.
758 920 799 984 57
823 942 855 986 6
876 919 915 1001 6,
942 922 1039 988 Surd.
1071 924 1162 988 desis.
1197 921 1259 987 169
1282 927 1318 987 io
1340 927 1409 1007 66,
1434 924 1531 990 Coro.

162 1052 244 1098 eous.
266 1027 333 1094 226
355 1052 386 1095 6.
412 1029 453 1095 18
475 1033 524 1096 66.
544 1028 585 1101 6,
610 1029 751 1094 Menoeis.
774 1049 858 1095 roos.
880 1030 902 1092 2
925 1052 955 1095 6
978 1029 1062 1107 297,
1088 1041 1115 1096 et
1139 1050 1220 1095 cous.
1242 1027 1286 1092 89
1310 1050 1341 1094 6.
1362 1028 1405 1093 66
1428 1031 1476 1094 66.
1502 1027 1530 1110 1,

164 1141 246 1206 166.
263 1140 339 1204 luo.
354 1158 438 1203 coos.
453 1132 518 1201 268
533 1138 665 1217 6666.
681 1135 860 1218 3,·066666.
884 1141 973 1205 deris.
999 1137 1062 1203 166
1078 1159 1109 1203 6.
1126 1136 1188 1217 13,
1203 1140 1350 1220 Purpur.
1367 1157 1450 1204 cous.
1465 1135 1530 1202 666

161 1266 194 1311 6
218 1244 235 1308 1
261 1247 311 1313 66.
333 1245 372 1323 2,
395 1246 492 1310 Burs.
515 1263 598 1309 eoos.
623 1242 686 1309 168
709 1267 741 1310 6.
764 1243 878 1313 2866.
902 1246 943 1327 2,
965 1247 1102 1312 Beroios
1123 1267 1207 1312 eous.
1236 1245 1301 1312 136
1323 1267 1355 1311 6.
1375 1245 1398 1311 6
1420 1248 1468 1312 66.
1493 1247 1530 1329 1,

164 1355 244 1421 066.
266 1374 349 1421 eous.
370 1351 414 1419 66
436 1374 467 1418 6.
492 1351 533 1416 17
557 1352 604 1418 66.
631 1353 659 1432 1,
685 1353 761 1419 Stoa
783 1354 820 1418 de
845 1356 952 1420 Proet.
974 1374 1057 1419 rous.
1082 1352 1144 1418 139
1168 1353 1243 1420 69
1267 1355 1315 1419 66.
1341 1353 1369 1434 1,
1394 1355 1463 1420 not.
1479 1354 1533 1418 de-

161 1465 216 1526 cis.
239 1458 305 1527 266
324 1481 355 1526 6.
380 1459 420 1525 16
440 1478 514 1544 par.
536 1458 560 1523 6
582 1463 707 1540 diuers,
732 1471 759 1526 et
783 1476 891 1527 coram
916 1461 1042 1544 Grecos.
1076 1464 1140 1529 XV
1167 1464 1257 1529 decis.
1288 1459 1353 1526 396
1376 1481 1409 1527 6.
1432 1462 1482 1544 11,
1504 1472 1533 1531 et

162 1574 255 1637 decis.
276 1567 343 1635 673
366 1590 397 1635 6.
420 1569 453 1649 9,
477 1569 608 1650 Serapi.
630 1568 722 1633 dreis.
746 1564 832 1632 1262
856 1589 886 1634 6
909 1567 938 1632 2

253 1680 343 1746 edd
366 1679 560 1745 validitatem
585 1677 799 1743 ratificationis
820 1678 947 1743 eaedem
972 1679 1182 1760 requiruntur
1213 1679 1425 1745 solemnitates
1451 1699 1533 1761 quae

163 1810 182 1850 r
208 1788 239 1851 iu
262 1787 360 1869 ipsius
386 1790 476 1851 actus
506 1784 699 1850 confectione
721 1792 795 1851 sunt
817 1788 1023 1866 necessariae,
1046 1787 1179 1853 Aetolia.
1200 1789 1326 1854 resolui.
1351 1787 1413 1853 110
1437 1809 1468 1853 6.
1489 1785 1534 1855 69

161 1916 181 1956 α
205 1912 282 1959 666
305 1893 407 1959 tritus
431 1893 637 1979 6666666666.

254 2026 272 2066 u
297 2003 380 2083 Quia
411 2002 577 2071 ratifioatio
604 2003 783 2067 reconciliat
812 2004 914 2068 solum
936 2021 1075 2086 eaquae
1101 2003 1237 2086 pendent
1258 2005 1297 2068 ab
1320 2006 1444 2082 auimo,
1473 2023 1535 2069 non

166 2135 185 2175 α
208 2117 315 2178 antem
338 2128 419 2192 quae
441 2111 656 2194 dependente
680 2112 779 2177 torma
804 2112 850 2176 vel
872 2112 931 2176 alia
954 2112 1107 2176 exteriori
1127 2112 1285 2194 potentia,
1300 2111 1338 2176 de
1353 2129 1415 2192 qua
1431 2116 1536 2194 partes

166 2241 185 2281 u
209 2219 371 2302 disponere
393 2236 455 2283 non
478 2223 625 2301 pomum,
640 2237 696 2283 uec
719 2220 763 2283 illi
786 2220 971 2284 renunciare
993 2236 1066 2283 oum
1089 2236 1198 2283 earum
1224 2219 1377 2284 uoluntati
1400 2237 1461 2284 non
1483 2238 1537 2285 su-

169 2351 187 2391 u
210 2329 396 2412 bijciantur‚
419 2328 499 2391 idom
524 2325 659 2390 Aetolia:
681 2327 709 2390 6.
732 2329 858 2392 resolui.
884 2324 947 2389 119
970 2321 1116 2391 6666
1140 2323 1191 2390 56.

257 2436 279 2498 (ι’
299 2435 387 2500 1666
409 2434 501 2500 docet
522 2431 657 2498 Aetolia.
679 2436 805 2498 resotot.
821 2431 868 2496 Ι11
894 2452 925 2498 6
952 2431 1011 2508 17,
1033 2438 1066 2498 et
1089 2433 1170 2499 ratio
1191 2437 1249 2509 est,
1272 2433 1346 2514 quia
1370 2435 1537 2500 ratificatio

169 2564 188 2603 o
211 2541 312 2608 solum
334 2541 459 2625 operari
483 2541 565 2608 valet
586 2542 669 2606 circa
690 2558 727 2606 ea
749 2559 830 2623 quoe
861 2542 998 2625 pendent
1019 2542 1058 2607 ab
1080 2543 1203 2619 animo,
1226 2559 1287 2607 non
1310 2558 1384 2607 uero
1408 2560 1490 2624 quae
1519 2562 1538 2610 a

169 2673 188 2713 r
212 2651 311 2716 forma
335 2650 382 2714 uel
403 2650 463 2715 alia
484 2648 638 2715 exteriori
661 2651 799 2732 potentia
821 2650 1015 2733 dependent,
1038 2651 1120 2714 idem
1136 2649 1269 2715 Aetolia.
1286 2650 1455 2714 drrsotot.
1473 2647 1538 2712 116

171 2778 190 2820 u
214 2775 304 2822 666.
330 2754 379 2822 18.

259 2888 277 2929 a
301 2865 485 2933 solemnitas
514 2867 623 2933 eadem
655 2868 832 2951 requiritur
854 2870 886 2934 in
909 2869 1117 2936 ratificatione
1137 2875 1228 2934 actus
1248 2866 1345 2946 nulli,
1367 2883 1449 2949 quoe
1470 2870 1540 2932 erat
1582 2909 1585 2914 «

172 2995 191 3037 r
214 2975 383 3040 necessaria
407 2975 439 3037 iu
461 2975 666 3042 celebratione
689 2977 785 3059 ipsius
805 2978 1073 3058 6666616666.
1095 2978 1184 3043 deris.
1208 2972 1272 3040 263
1295 2973 1394 3042 622
1412 2993 1487 3056 por.
1508 2974 1539 3041 2

260 3105 279 3145 r
304 3084 482 3148 Ratiticatio
503 3084 607 3168 erigit
627 3085 751 3150 easdem
772 3085 984 3151 solemnitates
997 3103 1079 3167 qnae
1093 3085 1126 3149 in
1139 3090 1230 3152 actus
1250 3082 1455 3149 cekbratiooe
1470 3082 1540 3147 exi-

172 3216 190 3256 6
215 3197 354 3278 guntur,
371 3192 442 3258 Rot.
464 3194 499 3257 ia
522 3192 669 3259 Mourisa.
690 3193 733 3258 66
757 3192 854 3260 0666
876 3194 914 3258 de
940 3194 1016 3259 Luc.
1039 3209 1135 3276 super
1157 3186 1539 3275 6666666666666.16

174 3300 305 3404 oderis.
326 3294 349 3361 6
371 3319 403 3363 6.
425 3297 467 3363 26
490 3310 562 3364 tout.
583 3295 614 3366 6.

263 3403 313 3471 16.
336 3406 431 3473 Serus
461 3413 568 3474 autom
598 3413 647 3475 est
675 3410 706 3472 iu
739 3411 946 3476 ratificatione
979 3411 1091 3489 tacita,
1115 3413 1152 3474 ut
1173 3409 1312 3475 dicemus
1333 3408 1365 3472 in
1395 3411 1538 3492 mquenti

173 3518 284 3600 capite

265 3623 314 3689 16.
335 3626 442 3707 Sexto,
464 3630 512 3692 est
535 3645 656 3694 necesse
678 3633 717 3694 ut
739 3629 905 3693 ratificatio
926 3628 983 3693 ilat
1005 3644 1039 3691 re
1063 3627 1205 3711 integra,
1226 3625 1301 3692 alins
1322 3626 1439 3691 nullius
1460 3629 1541 3691 esset

173 3734 321 3814 effertus,
337 3733 429 3799 Bort.
443 3736 479 3799 iu
495 3737 530 3800 L.
544 3738 627 3801 irater
650 3753 728 3818 quos
750 3734 774 3822 S
797 3739 902 3801 66666
925 3739 962 3800 iu
983 3738 1036 3820 fio.
1060 3756 1091 3799 6.
1113 3783 1121 3798 .
1143 3783 1151 3798 .
1173 3733 1230 3816 ‚ff
1248 3732 1285 3796 de
1306 3734 1414 3797 6666.
1428 3734 1540 3815 insert,

174 3851 204 3908 et
226 3843 262 3907 io
284 3843 319 3907 1.
341 3843 410 3908 666
432 3862 465 3906 6.
487 3892 494 3908 .
516 3892 524 3908 .
545 3844 635 3908 ,cod
656 3845 692 3908 de
711 3861 858 3925 666666,
881 3845 971 3910 Rom
993 3843 1108 3926 66666.
1130 3839 1195 3905 686
1211 3843 1247 3905 iu
1269 3838 1290 3903 3
1312 3841 1403 3905 timis.
1423 3858 1456 3903 6
1476 3885 1484 3902 .
1507 3885 1540 3916 .,

175 3956 209 4016 et
230 3950 275 4015 ibi
297 3949 448 4027 Adaeus,
475 3949 589 4033 Cepott.
611 3953 723 4017 coutet.
747 3950 807 4032 16,
831 3953 954 4018 Possit.
985 3971 1068 4016 cour.
1093 3947 1158 4016 196
1180 3969 1212 4014 6
1239 3947 1300 4028 20,
1322 3957 1350 4013 et
1371 3967 1454 4013 coos.
1475 3945 1539 4013 266

176 4054 269 4136 66,
295 4058 448 4127 166666.
468 4060 558 4124 deris.
579 4057 601 4122 7
624 4080 656 4124 6
681 4057 717 4140 1,
742 4070 769 4126 6
792 4063 827 4126 io
847 4063 918 4145 66.,
942 4061 1069 4126 666666.
1090 4061 1180 4124 dreis.
1202 4057 1244 4123 66
1269 4078 1300 4123 6.
1322 4106 1330 4122 .
1352 4104 1360 4121 .
1383 4107 1392 4137 ,
1417 4057 1542 4124 Coruo·

176 4185 250 4232 zuo.
277 4167 365 4232 decis
396 4168 527 4233 Luceres.
561 4167 624 4233 179
646 4169 723 4234 66
754 4178 782 4234 6
806 4188 883 4253 66.,
918 4168 1035 4234 66666
1066 4185 1150 4232 cous.
1173 4163 1216 4230 16
1236 4186 1271 4230 6.
1291 4165 1312 4227 7
1335 4175 1363 4229 et
1385 4161 1426 4241 8,
1451 4163 1541 4228 Atre.

177 4292 259 4339 6666
284 4271 347 4337 110
370 4294 401 4340 6.
424 4272 444 4338 3
467 4275 517 4341 66.
543 4275 580 4352 1,
597 4286 626 4342 et
648 4295 731 4342 cous.
752 4275 796 4340 78
819 4297 851 4343 6
874 4273 979 4355 23,6
1003 4295 1086 4342 roos.
1107 4273 1149 4339 81
1174 4294 1206 4340 6.
1228 4272 1248 4338 6
1270 4276 1321 4340 66.
1344 4273 1424 4353 6,6
1447 4275 1483 4338 iu
1506 4273 1540 4336 L.

176 4404 242 4451 666
263 4386 365 4449 suum
387 4381 411 4470 S
433 4394 533 4450 morte
554 4406 585 4450 6
608 4436 616 4452 .
638 4434 646 4449 .
669 4434 677 4450 .
698 4386 782 4469 [ido
804 4405 874 4451 666.
896 4404 979 4468 oper.
994 4387 1153 4464 scariot,
1169 4384 1269 4450 Rutu.
1283 4401 1366 4448 cous.
1385 4379 1447 4446 119
1463 4401 1494 4448 6.
1508 4377 1542 4460 6,

176 4501 205 4557 et
227 4510 310 4557 eous.
334 4489 398 4554 172
420 4511 451 4557 6.
475 4489 518 4556 13
540 4495 589 4559 66.
614 4492 651 4572 1,
677 4494 765 4560 Port.
797 4493 888 4560 Imot.
919 4512 1002 4559 coos.
1036 4490 1098 4557 176
1128 4512 1160 4558 6.
1189 4492 1231 4571 7,
1254 4492 1328 4557 Dec.
1360 4508 1442 4556 soor.
1474 4484 1540 4553 666

176 4615 208 4661 6.
231 4592 292 4676 37,
318 4599 387 4664 liet.
408 4618 429 4663 6
460 4601 533 4665 Volt.
557 4620 639 4668 coos.
661 4599 705 4666 63
728 4621 760 4667 6.
784 4599 826 4666 63
849 4598 959 4683 666,
995 4601 1065 4669 Soc.
1088 4601 1165 4668 Juu.
1188 4620 1273 4668 eous.
1295 4599 1339 4663 77
1361 4619 1450 4666 666.
1475 4597 1540 4668 116

175 4709 226 4773 66.
250 4707 288 4786 1,
311 4709 407 4774 Burs.
429 4728 511 4774 cous.
533 4707 598 4774 379
622 4730 653 4775 6.
677 4710 718 4775 17
743 4705 853 4785 666,
880 4709 975 4792 Cepit
999 4730 1082 4776 coos
1103 4708 1170 4776 766
1193 4731 1225 4775 6.
1251 4706 1291 4773 16
1314 4717 1342 4773 et
1364 4727 1423 4792 seq.
1444 4706 1542 4786 666,

176 4818 319 4885 Menoeis
349 4837 434 4884 coos.
467 4817 529 4882 186
552 4840 584 4885 6.
605 4817 667 4901 76,
693 4828 721 4887 et
743 4837 828 4884 cour.
862 4817 923 4882 191
949 4839 981 4884 6.
1003 4814 1117 4884 8666.
1140 4817 1179 4899 2,
1204 4818 1274 4885 Ros.
1306 4818 1396 4883 6666.
1419 4814 1463 4880 32
1484 4812 1541 4880 sud
