3734 5750
509 415 564 482 DE
587 414 972 483 succensebamus.
992 420 1081 484 CAP.
1106 420 1192 485 XXI.
1486 424 1530 489 97

171 600 353 660 maurum,
376 587 412 647 ut
443 582 601 646 firmatum
633 586 680 647 est
713 583 744 645 iu
776 584 971 665 praecedenti
999 586 1117 666 capite,
1137 589 1190 651 sed
1214 592 1308 654 etiam
1332 591 1369 655 iis
1391 594 1429 656 ad
1452 611 1530 674 quos

172 693 298 773 negocia
320 696 355 755 et
374 708 484 755 museo
505 691 681 773 pertinent,
704 690 751 753 sel
771 692 843 773 jure
863 692 991 773 proprio
1004 697 1038 755 et
1049 694 1281 775 principaliter,
1297 695 1394 761 Gloss.
1408 702 1443 761 in
1460 700 1494 762 L.
1512 698 1526 761 1

168 793 295 879 §auls
325 806 431 861 aetem
462 801 498 861 ia
528 798 678 862 corbuel
698 798 776 861 colit
797 796 880 879 ffde
910 809 1085 878 procuret,
1118 800 1154 864 L.
1185 804 1237 866 sed
1267 805 1294 865 si
1326 807 1425 869 unius
1446 808 1530 886 ffde

169 904 317 984 inpletis,
340 907 375 970 L
396 908 492 988 ploce
513 906 543 988 ff
564 905 667 989 sacal.
681 906 914 985 Maecena,
938 907 971 970 l.
993 909 1044 989 fise
1067 908 1130 970 cod.
1153 908 1189 971 dc
1208 924 1354 991 procur„
1382 911 1414 974 L.
1433 914 1485 993 fin.
1508 911 1531 997 S

169 1026 244 1075 cum
269 1021 376 1079 uuum
406 1014 470 1078 cod.
494 1014 528 1077 de
551 1014 598 1077 bis
619 1014 675 1094 qui
705 1013 748 1076 od
778 1014 884 1077 ocules
914 1017 1061 1096 musco,
1082 1021 1116 1080 et
1146 1007 1319 1083 multorum
1341 1020 1530 1084 auctoritate

167 1121 278 1185 manat
302 1121 400 1185 Folio.
422 1123 456 1184 ie
479 1139 545 1202 cup.
564 1128 635 1201 post
657 1121 821 1184 cessionem
844 1141 880 1185 ει.
898 1119 941 1184 32
962 1140 1039 1186 cers.
1060 1131 1087 1187 et
1110 1123 1234 1187 odorra
1247 1133 1326 1188 eutr.
1340 1126 1377 1188 de
1395 1126 1530 1206 prola,

167 1230 343 1294 sedetiam
366 1232 403 1296 iis
423 1231 461 1296 ad
483 1248 561 1311 quos
583 1246 692 1294 caune
715 1233 747 1293 et
766 1230 894 1313 negocia
917 1231 1076 1312 pertinent
1097 1232 1217 1296 ratione
1238 1232 1400 1315 dignitatis
1421 1234 1468 1299 sel
1483 1236 1529 1299 oi·
1612 1286 1615 1303 .

168 1338 256 1417 licii,
279 1342 318 1403 ut
340 1339 418 1403 inire
439 1338 618 1403 ridebimus

263 1447 342 1513 eum
364 1449 447 1511 enim
468 1446 651 1510 mandatum
674 1442 794 1510 dictum
817 1447 860 1510 sit
879 1447 970 1525 quasi
992 1463 1087 1510 manu
1109 1446 1219 1512 datum
1241 1453 1280 1511 ut
1299 1446 1374 1512 dicit
1403 1448 1532 1511 Vincen-

167 1554 238 1616 tt'sss
263 1554 466 1617 Placentinus
488 1555 522 1616 io
545 1560 637 1616 tract.
659 1553 695 1615 dc
716 1555 860 1616 ocrietot.
882 1556 996 1618 octtoo.
1019 1555 1067 1618 lto·
1090 1552 1111 1615 2
1133 1557 1179 1619 tit.
1202 1553 1264 1636 203

259 1659 289 1723 2
312 1659 507 1741 Consequens
529 1666 578 1725 cst
599 1666 638 1724 ut
652 1660 723 1740 quis
737 1660 847 1724 debeat
861 1660 1009 1724 mandere
1023 1661 1053 1724 id
1069 1662 1153 1741 quod
1170 1663 1234 1743 ipse
1249 1663 1348 1729 velut
1362 1664 1531 1745 explicare,

167 1773 206 1834 ut
229 1769 274 1833 ibi
295 1769 400 1833 subdit
425 1770 564 1832 Placent.
584 1786 643 1849 pes
665 1776 725 1831 tec.
746 1770 782 1830 in
805 1767 841 1831 L.
865 1765 883 1828 1
906 1769 970 1831 cod.
992 1769 1028 1831 de
1046 1769 1163 1848 posco.
1180 1769 1278 1848 judic.

194 1896 198 1925 ε
259 1872 288 1938 3.
310 1875 370 1942 Ubi
391 1879 580 1956 procurator
602 1874 738 1939 Caesaris
758 1875 815 1953 qui
836 1876 920 1938 inter
941 1876 1075 1956 privatos
1096 1892 1243 1957 personas
1264 1896 1326 1942 non
1349 1884 1451 1959 potest
1478 1898 1531 1943 co

166 2001 333 2067 gnoscere,
353 2002 410 2047 nec
430 1984 528 2047 etiam
549 1984 650 2065 potest
671 1981 817 2046 mandare
839 1982 930 2046 alteri
954 1988 992 2048 ut
1013 1990 1181 2065 cognoscat
1203 1986 1286 2049 inter
1308 1988 1478 2074 privatos»

260 2113 279 2149 a
302 2092 492 2155 Procurator
513 2089 650 2155 crearis
670 2094 814 2171 respectu
837 2091 1029 2171 proconsulis
1050 2091 1186 2158 babebat
1206 2094 1436 2174 jurisditionem
1466 2098 1531 2177 pri-

166 2221 183 2258 o
211 2200 352 2263 sativam
373 2198 474 2279 quoad
495 2216 602 2264 causan
622 2199 755 2276 boulen
777 2214 913 2277 cumque
936 2198 1028 2261 bodie
1041 2199 1137 2281 jadex
1153 2203 1187 2263 et
1201 2199 1377 2280 praesidens
1390 2218 1531 2265 camene
1630 2174 1632 2195 ¹

166 2329 183 2365 a
209 2307 429 2386 procuratoris
450 2306 587 2371 &esuris
606 2306 711 2369 locum
740 2306 894 2381 obtineat,
918 2306 976 2370 iste
998 2324 1125 2387 qaoque
1149 2308 1287 2389 gaudere
1316 2308 1408 2374 debet
1437 2310 1529 2374 simili

170 2438 186 2477 s
209 2415 431 2496 praerogativa
454 2420 597 2495 respectu
619 2413 775 2495 prolegati
795 2412 850 2491 qni
872 2415 1019 2477 sucoessit
1036 2413 1072 2479 ,in
1095 2415 1200 2479 locum
1228 2417 1439 2496 proconsulis,
1463 2418 1531 2483 liet.

172 2524 248 2584 sio
272 2519 417 2584 Manlios.
439 2520 483 2584 ad
507 2520 602 2585 θανά
624 2520 672 2585 uc
696 2518 787 2582 Luca
808 2520 844 2583 dc
861 2519 978 2598 Jcrisd.
1001 2521 1049 2583 lib.
1071 2518 1092 2583 3
1114 2522 1204 2585 decis.
1227 2522 1248 2583 2
1270 2542 1301 2587 a.
1327 2524 1342 2586 1
1367 2535 1438 2590 toto.
1461 2525 1490 2590 3.

258 2626 289 2692 lt.
311 2633 417 2709 Atque
439 2628 511 2691 binc
530 2645 639 2692 servus
660 2628 716 2706 qni
739 2627 929 2709 regulariter
951 2632 1189 2708 procuratorem
1205 2628 1244 2691 ad
1258 2629 1329 2693 lites
1343 2631 1533 2695 constituere

174 2756 235 2801 non
256 2739 375 2816 potest,
398 2736 432 2798 L.
455 2752 579 2797 sesoom
601 2736 637 2797 ia
657 2735 761 2813 punc.
783 2734 815 2815 ff
830 2736 866 2797 do
883 2744 1067 2813 proceret,
1092 2735 1126 2798 Ι.
1148 2736 1188 2799 ab
1215 2736 1350 2801 bostibcs
1372 2739 1407 2800 io
1427 2741 1532 2818 princ.

175 2841 204 2922 ff
222 2860 265 2906 co
283 2842 362 2924 quid.
384 2859 470 2906 coes.
492 2841 631 2923 majone

221 2979 225 2988 -
267 2949 295 3013 5.
316 2952 353 3015 ln
372 2952 473 3016 causis
495 2952 528 3014 in
549 2951 664 3031 quibus
685 2955 834 3033 ageretur
855 2951 894 3014 de
917 2950 999 3014 illius
1020 2954 1124 3028 suta,
1147 2969 1219 3014 cum
1242 2951 1281 3015 dc
1308 2971 1362 3016 suu
1393 2955 1534 3021 libertate

180 3062 225 3125 vel
246 3061 415 3137 servitute,
432 3065 465 3124 et
486 3059 530 3124 sic
551 3060 592 3123 dc
611 3059 740 3141 negocio
763 3059 802 3122 ad
824 3059 927 3140 ipsum
950 3057 1163 3138 principaliter
1185 3062 1344 3138 specume
1364 3063 1534 3136 tractatur,

176 3176 210 3235 et
232 3171 262 3232 in
285 3170 383 3233 causis
404 3172 437 3233 et
457 3168 595 3250 negociis
617 3166 851 3248 respicientibus
879 3165 1036 3246 peculium
1066 3165 1154 3246 cnjus
1182 3163 1247 3246 ipse
1272 3162 1372 3232 ¹babet
1401 3167 1534 3232 admini-

177 3279 369 3354 strationem,
390 3294 452 3339 non
474 3274 660 3357 prohibetur
680 3290 772 3356 egere
794 3272 949 3337 medianto
971 3287 1101 3352 pomona
1123 3270 1173 3334 sui
1195 3271 1425 3350 procuratoris,
1446 3273 1475 3334 d
1498 3272 1535 3336 L.

179 3403 302 3449 ascum
322 3383 346 3469 δ
369 3402 443 3447 ocos
463 3400 534 3447 cero
557 3382 587 3464 ff
603 3383 640 3445 dc
658 3390 823 3463 procurat.

264 3490 294 3556 6.
315 3494 486 3574 Episcopus
506 3507 631 3572 quoqne
653 3490 692 3553 ad
715 3507 810 3569 quem
832 3488 960 3571 negocia
982 3491 1016 3551 et
1030 3504 1142 3553 caune
1156 3488 1352 3569 episcopatus
1366 3487 1535 3567 pertinent,

181 3603 299 3667 ratione
328 3600 490 3685 dignitatis
523 3603 625 3682 potest
654 3599 688 3662 in
717 3597 809 3662 dictis
837 3596 938 3666 catab
968 3595 1063 3659 etiam
1095 3600 1167 3658 ante
1190 3594 1253 3657 litis
1278 3592 1537 3658 comestorem.

180 3713 412 3792 procuratorem
434 3709 640 3784 constituere,
664 3707 774 3770 Ioooc.
794 3709 830 3769 iu
854 3723 920 3786 cop.
943 3706 1050 3786 petitio
1072 3723 1103 3767 o.
1125 3702 1147 3764 2
1167 3712 1248 3768 extr.
1271 3703 1308 3766 dc
1325 3711 1489 3783 pwcurot.

268 3816 297 3880 7.
317 3819 418 3883 Prout
437 3817 532 3882 edam
554 3816 663 3880 eadem
683 3815 804 3880 ratione
816 3813 980 3878 Praelatns
994 3814 1027 3878 in
1040 3814 1141 3877 causis
1162 3825 1236 3876 suae
1258 3810 1409 3875 Ecclesiae
1431 3813 1536 3890 potest
1626 3828 1629 3832 ·

181 3926 279 4003 solus,
300 3926 396 3990 etiam
418 3928 488 3987 ante
510 3923 573 3988 litis
594 3922 868 4000 concederem,
898 3926 1134 4001 procuratorem
1164 3920 1354 3985 constituere
1382 3921 1416 3981 et
1446 3917 1535 3984 illum

182 4049 341 4109 evocare,
364 4037 403 4095 ut
420 4049 479 4112 per
500 4047 571 4111 cop.
591 4046 724 4094 cccmus
747 4038 824 4092 eutr.
847 4029 882 4092 dc
899 4028 1022 4108 jerom.
1053 4030 1190 4092 odacro.
1214 4027 1291 4092 dicit
1315 4026 1485 4090 lancois
1507 4026 1536 4088 d.

181 4154 246 4217 cop.
265 4140 372 4217 pettto
395 4155 426 4202 o.
451 4135 469 4199 1
491 4154 568 4201 occe
590 4154 726 4202 conones
747 4144 871 4213 autem,
895 4135 1045 4201 Fss'dcu'c.
1067 4137 1103 4199 de
1121 4135 1211 4206 Senis
1226 4153 1308 4199 cossa
1323 4131 1388 4194 227
1401 4151 1460 4214 pos
1473 4141 1533 4208 tot,

184 4240 280 4307 Rasin.
309 4261 392 4309 cons
426 4241 493 4310 132
510 4263 540 4306 o.
563 4240 584 4305 3
605 4245 654 4308 lto.
677 4243 716 4321 5,
738 4243 870 4307 Achilles
893 4245 929 4310 dc
955 4242 1079 4312 &oses
1109 4244 1198 4310 decis.
1226 4240 1270 4308 68
1300 4250 1415 4323 gomet.
1446 4238 1468 4305 8
1497 4244 1534 4305 dc

182 4367 307 4428 procoss.
1155 4378 1158 4384 ·

266 4459 297 4525 8.
319 4465 536 4530 cocuntur
557 4466 638 4529 enin
653 4464 742 4529 illurn
755 4463 953 4528 constituisse
966 4460 1005 4524 da
1027 4473 1175 4524 consensu
1191 4457 1240 4519 sai
1253 4455 1399 4537 capituli,
1422 4454 1533 4537 Joscpb

184 4569 389 4636 ,auctoratis
410 4575 446 4637 dc
470 4573 669 4654 probasset.
694 4570 711 4633 1
736 4572 830 4634 cooct
853 4567 874 4629 2
895 4568 952 4632 sub
975 4586 1006 4630 n.
1029 4563 1068 4643 lt,
1091 4581 1167 4628 cers.
1189 4580 1230 4626 coc
1250 4563 1309 4626 boc
1331 4563 1535 4628 condecores.

267 4678 297 4742 a.
319 4680 635 4760 alenconensium
657 4684 745 4761 pater
767 4679 806 4743 ad
829 4680 918 4760 cujus
940 4675 1078 4742 officium
1091 4675 1212 4754 spectat
1226 4671 1308 4735 tueri
1323 4676 1355 4735 et
1369 4670 1533 4738 detondere

187 4800 230 4848 res
249 4785 406 4863 tiliorum,
428 4788 446 4849 l.
472 4785 487 4848 1
513 4787 549 4854 C.
568 4789 605 4852 da
627 4788 693 4853 bos.
715 4794 844 4860 moto,
858 4789 892 4850 et
912 4782 1050 4847 dumus
1072 4796 1258 4861 supremo
1274 4778 1338 4843 ΙΙΙ
1355 4780 1393 4844 dc
1403 4797 1531 4860 procus.

190 4894 340 4956 ocultus.
362 4908 383 4954 o
406 4895 474 4972 lege.
873 4926 877 4934 ι
921 4932 925 4938 -
1081 4915 1083 4920 >
1161 4905 1166 4932 ³

1296 4939 1339 5054 ι13
