3734 5750
468 401 523 468 DE
545 399 928 467 comprimemus
952 402 1040 467 CAP.
1062 400 1230 470 XXXVII.
1464 401 1527 469 100

254 571 465 641 munierum
480 570 621 637 nonnulli
635 574 742 635 remur
756 569 944 635 murrum
959 570 1137 651 opinionem
1149 572 1234 651 quod
1250 574 1282 637 in
1298 574 1450 657 principio
1464 573 1529 638 tito

172 702 228 749 oon
250 680 454 749 circitanum
476 683 663 762 procurator
685 678 885 759 quantumvis
907 676 1077 760 generalis,
1097 677 1151 743 sed
1181 679 1246 759 ipse
1275 678 1471 761 principalis,
1493 684 1527 745 et

170 791 326 875 cimnnter
357 788 455 854 Gtorc
476 788 512 851 io
535 803 604 868 ccp.
628 802 758 850 courum
788 795 866 851 eoric.
894 784 932 849 de
953 786 1012 850 dot.
1034 796 1062 850 et
1083 794 1239 863 contem„
1261 790 1294 851 et
1314 788 1526 855 communitor

170 897 266 961 imeri
288 900 423 962 lectatur
447 893 593 960 Gratim
613 894 736 976 diccept.
758 896 874 974 sereno
895 910 964 974 cop.
990 890 1052 957 115
1074 914 1105 957 rc
1129 892 1156 958 1.

253 1002 283 1071 3.
306 1004 380 1071 ldeo
402 1003 494 1069 Bari.
517 1006 551 1068 ic
572 1005 600 1067 d
624 1002 659 1067 L
681 1020 754 1067 cum
775 1006 832 1085 qui
853 1023 883 1066 o.
908 1000 936 1066 1.
958 1003 1140 1083 dicitquod
1162 1003 1234 1068 licet
1256 1006 1357 1086 prime
1379 1011 1412 1069 et
1442 1024 1529 1071 com·

166 1115 271 1181 mnnlr
290 1114 395 1197 opinio
417 1114 458 1178 eit
480 1113 583 1178 aerim
598 1113 629 1176 io
645 1116 762 1194 puncto
781 1111 878 1194 juris,
900 1117 998 1193 prout
1018 1111 1100 1176 illum
1123 1129 1188 1177 eme
1211 1114 1363 1178 veriorem
1386 1115 1528 1196 pluribus

165 1222 348 1299 confirmet,
372 1221 502 1286 Bardot.
522 1222 550 1285 d.
572 1214 769 1284 collocer.
791 1220 843 1284 red
864 1220 892 1283 ci
910 1236 1119 1300 poneremus,
1141 1221 1242 1285 tutior
1262 1225 1367 1285 tameo
1389 1221 1525 1304 practica

164 1333 215 1394 eet
236 1330 320 1409 quod
343 1329 444 1411 primo
465 1329 556 1393 citari
577 1327 687 1393 debent
707 1326 851 1393 domiuus
872 1327 1050 1410 principalis
1063 1345 1158 1407 quarn
1173 1333 1370 1410 procurator,
1384 1333 1418 1394 et
1434 1327 1528 1394 Buri.

163 1443 341 1519 muniatur
364 1437 434 1502 DI).
457 1439 492 1501 iu
513 1437 542 1500 d
564 1437 599 1500 L.
621 1454 694 1500 eum
717 1437 790 1518 put,
813 1435 930 1517 Augei,
955 1436 1049 1500 Porri.
1070 1435 1107 1499 de
1131 1435 1233 1502 doctr.
1256 1445 1284 1500 et
1309 1438 1398 1503 Alex.
1420 1454 1526 1502 omrrer

164 1566 197 1610 rr.
219 1543 251 1624 9,
270 1554 298 1609 et
322 1543 387 1609 Jur.
407 1564 439 1608 m
464 1543 493 1624 1,
516 1556 545 1609 et
568 1545 709 1610 Ruind
730 1563 762 1608 rt
782 1538 814 1622 d,
836 1553 864 1608 et
886 1543 1019 1610 Burdot.
1040 1545 1069 1608 d.
1091 1560 1168 1610 verr.
1189 1545 1242 1610 ced
1262 1549 1290 1610 ci
1307 1565 1504 1628 ponerentur.

250 1648 280 1717 4.
302 1652 361 1718 Udi
382 1653 577 1719 demonstrat
596 1651 681 1732 quod
703 1651 776 1716 licet
794 1653 857 1718 lrtu
878 1653 1014 1736 practica
1029 1652 1114 1734 quod
1134 1653 1235 1735 prima
1259 1654 1367 1720 citatio
1389 1672 1526 1738 exequu·

162 1762 217 1823 tur
238 1765 346 1826 contra
368 1761 570 1842 principalem
593 1759 635 1824 sit
657 1759 783 1840 melior,
812 1778 874 1825 ooo
906 1765 1010 1826 mineo
1040 1766 1088 1826 est
1116 1763 1303 1827 necemriu:
1334 1762 1411 1827 odeo
1441 1764 1527 1845 quod

160 1867 186 1933 ri
205 1867 359 1949 judicium
383 1868 509 1932 initium
530 1867 671 1950 capiate
693 1870 841 1934 citatione
863 1875 1023 1951 exequuti
1054 1875 1162 1935 contro
1194 1876 1431 1953 procuratorem
1454 1872 1526 1938 red·

160 1976 256 2041 detur
276 1977 415 2054 nullum,
438 1992 512 2040 cum
534 1977 640 2058 praxir
660 1978 718 2043 istu
738 1978 855 2043 citandi
876 1977 1079 2060 principalem
1101 1978 1144 2043 rit
1165 1977 1270 2059 potius
1289 1977 1408 2043 concilii
1429 1992 1524 2060 quum

159 2084 353 2149 necomitatir
372 2088 406 2149 et
426 2085 602 2166 praecepti,
622 2086 814 2168 proindeque
834 2103 896 2150 oon
917 2085 1016 2169 ligere
1039 2085 1198 2150 concludit
1219 2102 1275 2168 per
1300 2086 1375 2150 Yec.
1396 2088 1432 2149 in
1454 2102 1524 2169 cup.

157 2192 449 2270 concupiscentiam
471 2199 549 2254 ectr.
571 2191 607 2255 dc
630 2194 765 2271 mouit,
786 2196 820 2256 et
840 2193 899 2256 alia
919 2196 1009 2275 jura,
1033 2197 1066 2255 et
1088 2209 1160 2257 oum
1183 2190 1275 2257 Bart
1298 2196 1410 2260 transit
1429 2195 1525 2260 etium

158 2298 294 2365 Gracci.
314 2299 357 2362 ad
387 2297 479 2363 Verte.
501 2300 530 2362 d.
552 2316 622 2380 cop.
644 2296 665 2362 3
688 2318 720 2363 c.
745 2297 794 2362 10

250 2426 269 2465 e
293 2404 409 2472 ditatio
430 2406 530 2488 portio
548 2406 690 2491 legitime
710 2413 870 2487 exequuti
888 2412 1032 2472 consetur
1050 2410 1174 2488 quaudo
1187 2416 1237 2475 est
1249 2412 1366 2474 citatas
1387 2410 1523 2493 cimam

84 2498 86 2501 ’
160 2535 175 2573 r
200 2512 302 2595 portis
324 2519 511 2596 procurator
533 2516 684 2598 generalis
706 2516 739 2579 in
761 2516 848 2579 curie
876 2517 1029 2591 existens,
1052 2533 1124 2581 curn
1147 2534 1210 2596 quo
1237 2523 1400 2599 receptam
1421 2524 1470 2584 ert
1491 2522 1524 2585 io

160 2644 178 2680 r
200 2620 313 2686 endem
334 2620 423 2685 curie
443 2620 597 2702 iudicium
618 2622 744 2687 institui
763 2638 820 2687 reu
843 2623 985 2688 inchoari
1006 2640 1095 2707 poue
1126 2642 1187 2689 non
1217 2625 1314 2690 citato
1344 2624 1525 2707 principali,

160 2753 177 2789 r
202 2727 301 2795 Curd.
323 2730 371 2794 De
393 2730 470 2794 Luc.
492 2730 529 2793 de
549 2730 656 2810 toeud.
676 2730 749 2795 dire.
780 2726 877 2794 3311.
899 2726 931 2794 l.

247 2833 279 2900 5.
299 2836 432 2902 netem
454 2841 562 2902 cutem
584 2837 743 2903 communi
766 2836 972 2919 conclusione,
985 2839 1071 2920 quod
1084 2839 1348 2923 judiciumpomit
1368 2854 1526 2906 ursamere

159 2945 350 3029 principium
369 2961 389 3009 a
410 2946 561 3012 citatione
580 2950 742 3029 exequuti
757 2951 868 3014 eontra
890 2952 1129 3029 procuratorem
1152 2948 1339 3030 generalem,
1359 2946 1411 3012 ille
1432 2945 1524 3011 debet

160 3055 311 3138 restringi
331 3058 364 3120 et
385 3055 514 3120 limitari
542 3055 699 3121 mundns
718 3055 837 3122 modic:
859 3055 981 3138 primo,
1002 3059 1042 3120 ut
1062 3055 1211 3138 procedat
1242 3053 1410 3119 domium
1431 3052 1464 3116 iu
1486 3051 1525 3116 iis

158 3165 260 3230 courir
282 3181 361 3246 quoe
381 3170 456 3229 sunt
476 3163 591 3230 modici
620 3163 821 3246 praejudicii,
842 3180 930 3229 cecus
960 3168 1067 3228 autem
1089 3163 1123 3226 in
1145 3161 1183 3226 i'u
1210 3178 1291 3241 quae
1319 3163 1395 3225 runt
1416 3156 1522 3240 magni

159 3271 358 3354 praeiudicii,
378 3273 451 3338 DD.
473 3274 509 3336 iu
530 3271 560 3336 d
583 3271 610 3335 L
633 3287 705 3335 euru
727 3272 802 3353 qui,
820 3275 856 3336 et
875 3271 1037 3354 signanter
1059 3269 1147 3335 dieu.
1166 3270 1196 3334 d
1217 3287 1249 3333 rr.
1272 3266 1293 3331 1
1314 3286 1391 3333 cerr.
1413 3267 1523 3331 redita

160 3379 249 3459 otiis,
271 3387 300 3444 et
324 3379 390 3445 tur.
411 3399 443 3445 n.
468 3377 484 3442 1
509 3396 585 3444 cere
614 3378 750 3443 recordo
781 3378 901 3457 limito,
922 3376 996 3443 Aoi.
1018 3380 1052 3442 io
1074 3395 1143 3459 cup,
1165 3393 1295 3442 cauum
1319 3374 1358 3438 11
1383 3384 1462 3441 ectr.
1483 3375 1523 3440 dr

159 3485 217 3550 dot
231 3495 257 3550 et
274 3495 421 3566 coretum,
435 3485 528 3551 Bort.
541 3487 577 3549 iu
594 3485 629 3549 L.
644 3486 788 3568 quemuis
803 3503 833 3549 u.
850 3483 889 3550 11
904 3486 936 3569 ff
945 3484 981 3550 de
995 3485 1103 3549 Merra
1117 3485 1234 3569 insert,
1250 3484 1423 3550 notuerit
1436 3483 1457 3549 7
1460 3482 1521 3559 10,

160 3612 242 3678 puer
261 3604 305 3662 ert
327 3592 370 3660 10
391 3595 429 3659 de
450 3595 510 3660 dol.
540 3602 568 3658 et
590 3603 728 3660 coctum
753 3595 790 3660 iri
812 3596 928 3677 antip,
950 3594 1068 3660 Dceim
1098 3609 1181 3658 conc
1211 3588 1277 3657 iou
1299 3611 1331 3657 rc
1352 3588 1406 3672 32,
1428 3590 1523 3657 Creo.

159 3720 246 3770 cona.
269 3699 332 3768 182
353 3721 386 3767 rc
410 3700 449 3766 11
472 3719 551 3767 ocra
572 3720 638 3766 oon
659 3701 799 3784 intelligo
820 3704 855 3767 irr
875 3703 930 3785 itit
952 3701 1002 3767 iit.
1025 3699 1055 3776 1,
1085 3701 1232 3766 Vectio
1253 3709 1344 3766 tract.
1364 3701 1401 3766 de
1417 3700 1520 3765 uellit

160 3829 200 3878 ee
213 3812 321 3896 defece
334 3812 474 3878 eudon
489 3830 520 3875 rc
534 3804 579 3874 80
592 3827 671 3875 cecc
693 3812 838 3893 quince
852 3812 881 3876 ri
894 3810 1052 3890 dominor,
1074 3807 1202 3874 Bertoz.
1216 3825 1299 3874 cour.
1313 3808 1439 3872 cumin.
1454 3802 1518 3870 oti

162 3940 192 3986 u
213 3917 235 3984 8
256 3920 308 3986 tid.
331 3917 371 3999 1,
394 3918 545 3988 Ludercd.
568 3918 659 3984 lmot.
680 3936 763 3983 cerac
789 3915 830 3981 15
850 3938 883 3982 ri.
905 3915 922 3981 1
949 3916 998 3983 tit.
1022 3914 1057 3992 1,
1082 3915 1227 3982 Gemiuc.
1248 3915 1277 3979 d
1299 3931 1367 3996 cup.
1390 3908 1454 3976 ito
1484 3913 1534 3975 irr-

158 4047 259 4110 prrrcc.
1021 4087 1024 4096 .

246 4159 264 4199 r
290 4137 382 4217 Quod
402 4125 553 4220 iudicium
576 4134 669 4218 incipi
691 4151 752 4200 noo
775 4135 870 4216 poerit
891 4150 965 4198 cum
987 4135 1192 4215 procuratore
1214 4126 1338 4209 quaudo
1359 4139 1449 4191 cuasa
1473 4129 1520 4187 oct

163 4268 179 4306 a
202 4248 317 4330 gravis,
337 4248 436 4313 trudit
456 4246 552 4311 eiiam
577 4242 712 4310 Gondol.
733 4241 777 4305 ud
798 4249 906 4306 dotet.
927 4240 1089 4320 Euptdirr.
1109 4238 1160 4303 lid.
1181 4234 1203 4297 2
1225 4235 1311 4299 mor.
1337 4229 1353 4294 1
1378 4250 1400 4295 n
1422 4225 1453 4293 8.

246 4379 263 4418 ι
289 4354 382 4436 oum
405 4356 541 4422 nuxime
563 4350 704 4435 procedit
724 4349 848 4431 quando
869 4367 962 4415 cama
977 4354 1025 4413 cst
1041 4344 1260 4420 commissario,
1277 4341 1358 4405 idem
1383 4336 1520 4404 Comici.

163 4485 179 4521 r
201 4464 315 4528 ididem
336 4482 369 4527 u.
392 4460 423 4527 9.

246 4594 264 4632 r
289 4569 456 4640 meorum
479 4568 601 4650 quoties
622 4586 684 4634 oon
705 4583 813 4634 ramur
834 4568 866 4631 in
889 4566 1044 4650 principio
1066 4578 1175 4628 murae
1197 4563 1231 4624 ei
1251 4557 1291 4624 de
1305 4556 1518 4640 procuratorio

164 4696 179 4733 r
203 4677 348 4744 mandato
371 4681 500 4756 commi,
522 4681 708 4759 procurator
729 4675 907 4744 indistinete
928 4679 1032 4757 potest
1052 4672 1155 4750 citeri,
1175 4669 1258 4735 idem
1291 4666 1428 4733 Cocciot.
1459 4664 1521 4728 idi·

163 4804 178 4842 e
201 4785 270 4848 detto
291 4805 324 4848 tt.
349 4783 397 4850 11.

209 4943 212 4950 «
247 4912 266 4950 ι
289 4891 404 4960 Citrtio
432 4893 472 4960 cd
495 4892 554 4958 hoc
575 4898 613 4960 ut
631 4892 755 4960 dicatur
775 4894 807 4958 in
829 4889 1042 4972 procuretorir
1073 4905 1234 4972 perronem
1266 4886 1404 4968 legitime
1434 4881 1536 4946 iacta·
