3734 5750
530 343 583 411 bs
607 342 992 414 enocuanlnnlsbs.
1016 349 1103 415 CAP.
1129 352 1190 416 xl„
1481 355 1545 420 319

184 522 304 602 propter
326 514 461 595 aliquam
493 513 753 597 comparitionem
787 532 848 579 non
881 515 1060 582 intendebat
1081 535 1155 583 eum
1180 537 1344 599 revocare,
1366 524 1440 607 qiua
1463 525 1547 589 aliud

181 634 223 693 cst
237 641 427 706 comparere,
448 623 533 688 aliud
556 624 758 699 substituere,
780 626 818 687 ut
839 618 915 689 dicit
939 624 981 690 ibi
1007 626 1094 701 Rot,
1116 631 1149 691 et
1171 627 1269 692 refert
1293 628 1376 693 illam
1391 631 1550 711 sequendo

183 737 303 803 Corocc.
324 736 352 798 ct
375 741 494 816 penest.
517 728 560 794 33
583 751 615 795 n.
639 728 691 795 62.

262 841 314 907 31.
335 842 456 922 Quinto
479 841 646 923 quaeritur
667 858 707 905 an
730 845 919 922 procurator
943 857 1089 905 revocare
1110 842 1207 923 possit
1227 858 1373 924 expresse
1394 843 1548 909 substitu-

182 952 366 1018 tumetium
389 968 423 1014 re
447 968 508 1014 non
532 950 671 1033 integra,
694 948 740 1012 vel
764 949 859 1015 tacite
882 951 1104 1019 reassumendo
1128 950 1159 1013 in
1182 968 1215 1015 se
1233 951 1371 1031 cilicium
1386 958 1420 1017 et
1436 970 1551 1019 munus

181 1060 416 1144 procuratoris?
440 1060 476 1124 ln
499 1076 560 1140 qua
591 1063 639 1121 est
665 1059 808 1141 negative
839 1058 1090 1122 concludendum
1122 1077 1178 1141 per
1206 1060 1277 1123 Tea.
1307 1077 1492 1141 expressum
1519 1060 1550 1121 in

180 1184 246 1247 cop.
268 1168 297 1233 is
319 1168 376 1249 qui
398 1167 434 1230 de
454 1183 580 1248 procur.
605 1166 641 1228 in
665 1161 695 1228 6.

267 1270 319 1337 32.
339 1274 428 1354 Quae
458 1280 562 1339 tamen
593 1272 748 1339 conclusio
781 1292 843 1340 oon
875 1273 1035 1356 procedit,
1065 1276 1091 1339 si
1123 1278 1321 1357 procuratori
1354 1275 1451 1341 luerit
1476 1274 1548 1339 data

180 1384 309 1449 incultas
329 1381 554 1460 substituendi,
576 1398 633 1445 nec
656 1401 718 1446 non
740 1382 836 1445 etiam
860 1382 1026 1447 revocandi
1047 1398 1083 1445 ac
1108 1383 1319 1449 reassumeudi
1343 1382 1481 1451 officium
1504 1385 1553 1444 to·

181 1491 240 1556 ties
262 1491 384 1570 quoties
405 1490 463 1554 sibi
487 1488 644 1554 videbitur
674 1487 837 1570 expedire,
864 1493 902 1554 ut
924 1494 1026 1555 stante
1048 1490 1229 1573 hujusmodi
1259 1490 1396 1556 clausula
1426 1490 1554 1556 resolvit

181 1596 251 1660 lior.
272 1598 362 1659 decis.
393 1591 457 1659 186
487 1613 567 1678 puae
591 1605 633 1660 est
660 1591 703 1658 16
725 1597 762 1659 ε1ε
785 1615 913 1677 procur.
936 1601 972 1663 in
995 1617 1080 1677 nou,
1102 1602 1249 1680 seqnitur
1279 1602 1426 1665 Vastan
1450 1603 1496 1664 tit.
1517 1600 1553 1662 dc

179 1703 283 1767 nollit.
307 1718 346 1765 cn
368 1703 477 1785 defeat.
498 1704 654 1767 inbobitit
676 1722 707 1768 n.
733 1702 795 1767 165
818 1724 894 1770 vers.
916 1723 1004 1771 secus
1026 1709 1055 1771 si
1076 1710 1110 1771 tn
1134 1710 1298 1774 mundato.

270 1832 288 1870 a
311 1811 511 1877 substituens
530 1831 593 1876 non
616 1818 719 1895 potest
741 1831 887 1880 revocare
908 1816 1118 1882 substitutum
1142 1818 1201 1882 nisi
1224 1817 1256 1882 id
1278 1818 1337 1883 sibi
1359 1818 1391 1882 iu
1406 1816 1553 1882 mandato

182 1942 199 1979 a
223 1921 415 1987 coucedatur
424 1944 436 1997 ,-
456 1926 490 1987 et
512 1921 556 1986 ito
578 1927 681 1987 servat
702 1924 809 2002 curia,
832 1923 1017 2007 thotpbin.
1038 1926 1074 1989 tn
1085 1933 1282 2007 pransum.
1300 1923 1317 1988 1
1334 1918 1555 2006 condedit.

270 2025 323 2091 33.
345 2029 429 2093 llaec-
451 2032 556 2095 tamen
576 2030 705 2101 toovrltas
725 2035 759 2098 et
773 2032 898 2099 licentia
924 2033 1088 2097 revocandi
1102 2033 1312 2103 substitutum
1326 2051 1388 2097 nou
1403 2036 1555 2114 operatur

180 2137 240 2202 nisi
257 2137 415 2202 revocatio
439 2137 494 2203 liat
515 2156 679 2221 expresse,
701 2157 757 2203 uec
779 2158 811 2204 se
832 2139 976 2205 extendit
998 2140 1037 2204 ad
1061 2141 1190 2205 tacitam
1211 2140 1452 2217 revocationem,
1474 2152 1554 2218 quae

179 2246 319 2312 resultat
339 2264 380 2311 ex
402 2265 439 2311 co
460 2246 544 2328 quod
566 2252 754 2328 procurator
775 2248 965 2317 substituens
985 2252 1160 2313 reassumat
1182 2247 1321 2311 officium
1337 2240 1553 2328 procuratoris

181 2355 350 2421 tractando
372 2372 514 2435 canmm,
537 2361 575 2421 ut
596 2355 724 2420 deducit
749 2354 878 2420 Otdrod.
901 2373 984 2420 cons.
1007 2352 1071 2418 136
1094 2373 1126 2419 n.
1148 2354 1169 2416 2
1191 2371 1269 2418 εεεε.
1288 2361 1467 2436 praetereo.

271 2459 324 2529 36.
347 2463 515 2533 Caeterum
537 2464 623 2546 quod
644 2468 849 2551 procurator,
871 2465 924 2529 cui
946 2468 994 2528 est
1023 2463 1095 2529 data
1125 2462 1255 2539 incultas
1284 2456 1449 2526 revocandi
1479 2453 1553 2519 sub

182 2573 355 2651 stitutum,
382 2574 480 2655 possit
507 2572 614 2651 illum,
637 2590 672 2637 re
702 2578 807 2637 tamen
837 2572 981 2656 integra,
1014 2588 1160 2636 revocare
1190 2575 1257 2637 tam
1285 2584 1433 2650 expresse
1463 2581 1559 2647 mmm

185 2678 300 2756 tacite,
321 2683 398 2760 puta
421 2680 641 2749 massumeudo
663 2679 871 2749 detonsionem
894 2697 1024 2760 causae,
1056 2679 1140 2745 dixit
1162 2679 1232 2747 nov.
1255 2679 1347 2745 decis.
1368 2671 1455 2749 386,
1479 2687 1560 2755 puae

187 2795 230 2850 est
252 2784 297 2849 30
320 2789 357 2851 de
378 2806 506 2870 procur.
528 2792 565 2853 tn
587 2807 658 2853 noo.

277 2893 330 2961 35.
350 2899 416 2963 Nisi
439 2900 629 2978 substituens
651 2898 857 2984 componendo
880 2914 939 2979 pro
968 2894 1144 2962 detonsione
1173 2910 1285 2964 causac
1308 2893 1350 2960 sit
1370 2894 1563 2975 protestatus

188 3006 412 3092 incontinenti,
432 3009 515 3088 quod
539 3027 601 3074 non
625 3007 758 3074 intendit
779 3024 852 3074 suos
873 3005 1062 3070 substitutos
1085 3018 1250 3080 revocare3
1279 2999 1447 3083 praemissa
1477 2995 1559 3059 enim

189 3115 273 3182 dicta
288 3116 512 3198 protestatione
527 3136 588 3182 non
603 3119 858 3200 praesumeretur
880 3113 957 3180 velle
977 3112 1187 3184 substitutum
1211 3125 1370 3187 revocare,
1394 3105 1561 3169 ballomer.

188 3226 279 3291 doctr.
303 3222 378 3291 580.

279 3329 334 3397 36.
357 3333 570 3400 Revocaretur
598 3333 694 3404 etiam
715 3331 924 3406 substitutus,
949 3330 975 3394 sl
996 3330 1189 3397 substituens
1209 3325 1307 3391 alium
1335 3322 1559 3390 substitueret,

194 3441 646 3530 llatdeois.121,quocest
669 3438 692 3508 6
714 3443 749 3507 dc
769 3458 900 3524 procur.
922 3441 959 3503 in
981 3458 1070 3517 nna,
1094 3436 1261 3501 Bellomer.
1284 3434 1375 3498 decis.
1392 3423 1459 3491 666
1473 3443 1505 3489 n.
1522 3419 1561 3498 1,

200 3550 288 3616 Vunt.
311 3553 340 3618 d
362 3553 406 3616 tit.
430 3552 465 3618 dc
487 3552 591 3616 nultit.
613 3562 641 3620 ct
664 3552 771 3634 dorcet.
793 3550 947 3616 innobilis.
969 3566 1001 3612 n.
1025 3543 1098 3610 108,

282 3658 335 3725 37.
357 3659 449 3739 Quod
473 3667 577 3726 tamen
606 3661 807 3744 procederet,
831 3659 855 3723 si
878 3656 1032 3723 secundus
1061 3654 1308 3721 substitueretur
1338 3648 1377 3718 ad
1408 3644 1491 3709 idem
1522 3638 1560 3703 ad

191 3768 277 3848 quod
301 3768 406 3834 fuerat
426 3770 617 3835 substitutus
638 3769 775 3852 primus,
798 3784 887 3834 secus
907 3766 932 3830 si
955 3764 994 3834 ad
1010 3764 1150 3843 diversa,
1166 3755 1480 3828 consacraneus.
1497 3741 1562 3810 566

193 3895 225 3939 n.
250 3874 277 3939 1.

281 3982 336 4049 38.
357 3986 478 4051 Verum
501 3988 526 4052 si
549 3991 736 4070 procurator
764 3984 984 4062 substituendo
1015 3981 1181 4050 transierat
1202 3981 1233 4043 in
1256 3975 1464 4052 substitutum
1487 3967 1562 4032 sim-

193 4091 319 4173 pliciter
339 4099 373 4158 et
395 4094 426 4157 in
450 4099 554 4160 toturn
578 4096 657 4161 vices
679 4112 768 4173 suas,
789 4094 904 4162 desinit
923 4111 990 4162 esse
1013 4095 1200 4175 procurator
1222 4086 1310 4168 qnasi
1325 4084 1454 4148 iunctus
1467 4074 1564 4141 luerit

194 4202 296 4269 officio
320 4222 396 4283 suo,
418 4210 452 4272 et
474 4223 537 4272 uon
560 4209 663 4288 potest
683 4203 761 4272 illud
782 4220 983 4270 reassumere.

282 4306 338 4376 39.
359 4312 454 4381 secus
475 4312 500 4379 si
522 4312 739 4380 substituendo
761 4315 898 4378 reservet
920 4312 980 4378 sibi
1001 4310 1183 4382 facultatem
1206 4300 1388 4377 revocandi,
1402 4301 1436 4362 et
1456 4298 1567 4359 utatur

196 4419 353 4500 clausula,
375 4423 594 4505 procuratorio
609 4423 640 4485 in
655 4439 713 4487 suo
727 4422 840 4487 robore
854 4421 1030 4500 duraturo,
1047 4419 1117 4487 lior.
1130 4433 1190 4498 pec
1205 4412 1404 4493 Biripnctum
1419 4404 1508 4469 decis.
1526 4397 1561 4460 11

196 4528 232 4593 dc
250 4549 403 4612 procur„
424 4533 463 4596 ad
487 4550 554 4598 reru
577 4532 651 4600 lacit
672 4532 761 4600 decis
783 4528 845 4610 30,
867 4536 901 4595 et
922 4530 967 4596 ibi
992 4527 1121 4592 addent
1143 4542 1177 4589 εο
1200 4525 1246 4588 tit.
1269 4524 1304 4585 in
1328 4536 1396 4582 noo.

286 4642 516 4710 «Mandatum
549 4643 710 4720 contineas
742 4641 925 4718 facultatem
962 4633 1191 4712 substituendi,
1222 4629 1365 4696 retertur,
1389 4622 1429 4689 ad
1462 4616 1564 4684 omnia

199 4768 217 4806 ε
240 4749 476 4830 praecedentia,
497 4771 534 4816 ac
555 4752 580 4816 si
603 4751 733 4835 nugulis
755 4751 911 4832 capitibus
934 4746 1003 4811 talis
1039 4742 1167 4840 facultas
1195 4740 1311 4824 adiecta
1343 4736 1468 4808 luisset,
1499 4728 1566 4791 Rot-

202 4878 220 4916 s
243 4859 334 4925 decis.
355 4856 422 4923 638
445 4883 475 4926 n.
497 4859 520 4926 6
540 4872 623 4942 port.
649 4859 689 4925 13
714 4860 838 4925 licceat.
