3734 5750
497 393 554 465 DE
576 389 961 464 Paocnnswmeas.
984 396 1072 466 GAP.
1095 395 1272 466 LXXXIV.
1502 394 1567 465 631

278 561 328 632 16.
352 566 446 645 Quod
469 573 666 647 procurator
690 564 733 627 od
763 563 953 644 accipendum
984 568 1168 632 solutionem
1190 583 1212 630 o
1234 577 1343 648 sponte
1373 568 1508 634 sotaentc

405 675 543 756 recipcre
567 692 633 736 non
654 674 766 738 enicat.

276 779 325 847 17.
350 781 526 849 Contraria
546 783 698 866 firmatur
718 782 834 861 opinio.

275 888 324 957 18.
349 892 547 956 Procurator
566 890 765 972 praedictus,
786 900 911 972 accepto
934 892 1105 970 mandato,
1129 896 1252 957 tenetur
1274 894 1404 974 empne.
1438 922 1442 927 ·

275 993 324 1061 13.
348 997 393 1063 Et
414 997 496 1063 deiet
518 999 561 1062 ad
580 996 614 1062 id
634 996 781 1063 addidere
803 1016 927 1062 omnem
949 998 1143 1081 didipmtiam
1165 1009 1192 1065 et
1215 1000 1461 1086 solticitudinem.

272 1100 325 1167 26.
349 1104 460 1183 &aare
481 1106 526 1170 in·
540 1105 599 1169 aar
621 1107 754 1169 materia
778 1106 883 1171 omnis
906 1108 1094 1190 neaiipeutia
1116 1109 1247 1173 nabetur
1265 1126 1328 1190 pro
1351 1110 1455 1191 culpa.

274 1207 325 1274 21.
350 1211 543 1277 Praesertim
573 1213 702 1295 quanda
724 1214 790 1296 suit
820 1213 1012 1279 mandatum
1044 1217 1207 1298 aspasium
1238 1217 1431 1300 diiiacntiam
1455 1236 1505 1280 re-

404 1321 540 1403 qairrus.

272 1425 324 1492 22
347 1428 417 1495 Non
438 1430 563 1519 enipeus
584 1429 668 1513 quod
689 1428 769 1493 calet
793 1431 932 1512 ccipere,
957 1431 1075 1496 dicitur
1097 1447 1159 1496 esse
1181 1432 1217 1495 in
1239 1431 1316 1496 doio.

272 1532 324 1600 R.
337 1536 488 1619 uastam
509 1546 636 1602 tenetur
660 1536 786 1601 reddero
807 1538 964 1604 rationem
987 1540 1025 1603 dc
1047 1541 1173 1604 coactis.

270 1641 321 1708 et.
344 1645 388 1711 Ec
410 1647 538 1711 domino
558 1646 722 1710 rennuere
744 1653 855 1709 coacta
877 1662 1044 1711 unacum
1066 1648 1184 1712 usuris

270 1749 321 1816 26.
346 1752 502 1830 Quamuis
522 1755 628 1834 eaipat
656 1753 808 1835 pendente
832 1750 956 1833 jndicio
986 1770 1008 1817 a
1038 1755 1166 1820 donnino
1196 1762 1310 1819 eontra
1341 1771 1413 1819 eum
1442 1770 1504 1834 pro

400 1861 597 1925 mentatione
618 1869 710 1926 moto.
1528 1930 1540 1941 ,

271 1962 321 2029 26.
346 1965 391 2032 Et
414 1986 480 2031 non
500 1977 598 2050 potest
628 1978 804 2035 convortere
824 1980 939 2036 exacta
962 1972 999 2035 in
1028 1988 1101 2034 suos
1129 1970 1275 2052 proprios
1305 1986 1403 2050 usus,
1425 1984 1503 2031 nom

402 2074 562 2140 diruetur
583 2093 644 2140 esse
665 2077 700 2139 in
721 2077 798 2142 doio.
1186 2096 1190 2105 ·

268 2177 320 2244 27.
342 2181 456 2247 Decius
477 2199 558 2249 cans
581 2181 600 2246 1
623 2201 653 2247 n.
673 2180 717 2246 26
738 2185 986 2266 reprehenditur.
1023 2200 1026 2207 ·

269 2284 320 2353 23.
345 2289 547 2357 Procurator
568 2292 684 2356 notem
705 2293 741 2355 in
771 2294 934 2358 mandatis
964 2294 1047 2377 quod
1071 2295 1223 2375 pecunias
1248 2303 1375 2360 emanas
1397 2299 1504 2359 trans-

400 2400 506 2465 mittat
528 2400 571 2463 ad
592 2400 787 2463 domicilium
808 2402 1011 2482 mandantis,
1031 2409 1156 2467 tenetur
1177 2403 1247 2466 ittas
1270 2404 1491 2467 transmittere.

267 2502 318 2569 29.
343 2502 381 2571 Si
402 2508 438 2570 in
459 2507 613 2572 mandato
636 2516 679 2573 cst
703 2525 852 2589 supressa
873 2524 1012 2590 persona
1030 2526 1091 2591 per
1112 2525 1211 2592 quam
1230 2510 1370 2590 pecnnia
1389 2516 1501 2572 eaacta

399 2613 482 2678 dcta
514 2616 707 2694 transmitti,
738 2615 787 2678 iiii
818 2625 861 2680 est
892 2617 1131 2699 consipnanda,
1164 2626 1191 2681 et
1222 2619 1251 2680 si
1276 2624 1386 2697 pereat
1416 2616 1499 2697 perit

398 2720 538 2786 domino.

266 2823 319 2890 36.
344 2823 382 2893 Si
402 2846 469 2892 non
491 2837 534 2895 est
557 2845 704 2912 supressa
723 2848 871 2915 persono,
893 2832 946 2897 sed
968 2834 1078 2918 atiquo
1100 2842 1227 2899 tantum
1245 2840 1385 2916 excepta,
1400 2841 1428 2898 et
1441 2850 1499 2916 per

398 2939 492 3002 istam
512 2939 568 3021 flat
590 2941 797 3019 transmissio,
820 2951 848 3005 et
866 2942 1007 3023 pccuuia
1027 2949 1147 3023 pereat,
1166 2948 1357 3023 procurator
1372 2940 1499 3008 domino

399 3055 524 3112 tenetur
546 3046 721 3112 adomnia
742 3048 864 3113 damna
888 3058 916 3114 et
938 3049 1091 3113 interesse.

265 3150 320 3218 31.
344 3154 416 3232 Ouo
435 3163 530 3237 pacto
552 3155 604 3220 iiie
625 3174 656 3220 sc
679 3173 849 3236 eocarere,
872 3155 1001 3240 etquid
1019 3155 1160 3238 probare
1186 3153 1311 3220 doma.-
1332 3154 1497 3218 remissive.

261 3259 317 3327 32.
343 3263 428 3341 Quid
450 3265 478 3327 si
499 3282 566 3327 nors
589 3265 630 3329 sit
652 3280 800 3345 repressa
823 3281 880 3327 nee
902 3265 996 3327 oetita
1020 3263 1130 3345 aliqua
1151 3277 1305 3344 persona,
1324 3260 1376 3324 sed
1397 3261 1498 3324 sotum

297 3381 300 3386 ·
397 3371 436 3434 sit
460 3369 578 3434 dotum
602 3369 685 3452 quod
706 3370 904 3434 transmissio
923 3371 980 3453 fiat
996 3387 1058 3451 per
1078 3372 1219 3434 amicum
1241 3369 1394 3432 cicurum.

260 3474 317 3542 33.
342 3477 543 3543 Procurator
564 3495 630 3542 non
652 3478 820 3544 restituens
843 3486 976 3554 coacto,
1000 3483 1123 3543 tenetur
1152 3477 1274 3541 actione
1288 3474 1436 3538 mandati
1455 3473 1499 3537 ad

396 3588 552 3652 interesse.

258 3692 316 3759 34.
340 3693 383 3759 Et
405 3695 435 3759 si
455 3695 523 3758 doio
545 3695 594 3758 oei
615 3695 710 3776 cuipa
734 3695 873 3777 nequivit
895 3696 1037 3777 ccipere,
1062 3700 1185 3759 tenetur
1205 3692 1241 3755 de
1263 3708 1330 3755 non
1352 3688 1481 3752 emotis.

259 3799 317 3866 33.
342 3801 480 3880 manda
502 3802 538 3866 de
559 3819 625 3865 non
648 3802 768 3866 suadis
790 3810 943 3867 tencatur.

257 3903 316 3972 36.
340 3906 377 3972 Ut
398 3908 501 3973 oaimt
520 3926 582 3991 pra
604 3926 670 3972 non
692 3910 809 3973 coactos
825 3910 1038 3989 condemnari,
1054 3909 1142 3974 iiiius
1155 3907 1250 3989 cuipo
1264 3914 1292 3970 ct
1307 3903 1494 3986 ominentia

397 4025 442 4080 est
459 4016 644 4097 monenda,
666 4033 747 4099 quae
769 4019 804 4080 in
828 4016 921 4082 dubio
943 4035 1010 4082 non
1032 4017 1259 4097 praesumitur.

255 4119 314 4186 37.
338 4123 449 4188 Dictus
478 4141 550 4188 aero
578 4133 768 4206 procurator
797 4134 921 4192 tenetur
950 4129 1074 4208 ccipere
1103 4125 1220 4190 nedum
1249 4122 1288 4187 ab
1317 4122 1409 4196 aaa,
1440 4121 1494 4184 sed

395 4233 490 4295 etiam
512 4247 534 4294 a
555 4249 587 4296 se
608 4232 676 4313 ipso
699 4233 727 4296 si
748 4234 788 4298 sit
810 4234 933 4298 debitor.

253 4338 314 4404 38.
337 4339 381 4403 Et
404 4347 529 4407 tenetur
549 4358 618 4405 aere
640 4350 668 4406 et
691 4358 764 4405 cum
787 4340 896 4424 effectu
918 4344 1050 4425 ccipere.

252 4444 313 4511 39.
342 4445 492 4528 Verbum,
513 4449 654 4528 exactio,
676 4448 793 4513 reaiem
816 4452 1012 4516 eoaaionem
1035 4450 1197 4533 siqnificat.

250 4553 313 4620 tt).
343 4554 440 4619 Verso
463 4573 537 4621 cum
558 4555 668 4639 effectu
691 4566 767 4622 sunt
787 4557 997 4640 inteiiiaenda

192 4694 194 4697 ·
251 4659 311 4726 tl.
337 4661 538 4727 Procurator
561 4682 626 4728 non
646 4673 745 4747 potest
767 4667 903 4748 recipere
925 4665 1149 4747 deiepationem
1180 4664 1349 4730 nominum
1374 4661 1488 4726 debita

390 4783 483 4845 rum,
508 4771 582 4854 quia
604 4789 645 4838 cce
666 4775 828 4839 communi
848 4775 996 4857 loquendi
1015 4792 1097 4853 usu,
1119 4765 1266 4854 ducatio
1289 4766 1355 4837 non
1369 4771 1488 4836 dicitm
1532 4799 1535 4806 ¹

389 4877 521 4940 exactio.
