3734 5750
323 368 388 437 450
756 353 955 425 Looovlct
975 354 1099 425 aare!
1120 353 1265 424 tator.

370 550 373 563 '
391 534 443 603 18.
473 531 523 597 Vei
538 529 565 595 ti
580 529 677 593 utcu
688 526 784 608 jacea
799 529 1001 608 corupeteutie
1010 527 1139 609 judicis,
1158 526 1363 607 praecedente
1384 527 1630 595 condradictione

474 680 477 685 <
523 649 551 704 et
571 637 794 720 protestatione
816 634 901 718 puod
922 634 1011 701 coioit
1033 644 1162 700 coactus
1184 642 1214 697 et
1236 642 1322 697 metu
1343 635 1499 698 mandati.

393 754 442 821 19.
464 750 530 816 Aut
551 748 579 811 ri
594 745 691 827 justu
722 745 909 809 emendantis
939 746 1105 826 promittat
1129 742 1281 807 creditori
1309 745 1472 825 praetenti
1493 762 1524 808 ee
1547 746 1634 809 edu-

521 866 642 920 iarum.

388 968 441 1033 21).
463 966 551 1030 Idem
566 970 609 1026 ert
623 962 739 1027 coivere
760 969 789 1022 et
810 960 995 1039 promittere
1017 962 1140 1035 eotoere,
1162 959 1366 1043 praecedente
1376 958 1474 1040 iaetu
1488 962 1632 1027 rotoeudi

372 1071 441 1141 21.
466 1072 552 1153 Quid
575 1072 602 1134 si
623 1070 698 1133 tatis
718 1068 888 1149 promissio
908 1069 965 1152 βαι
986 1085 1008 1131 a
1025 1079 1236 1149 procuratore
1257 1087 1324 1133 uon
1346 1068 1477 1134 habente
1498 1071 1630 1151 rpeciate

521 1178 710 1243 mandatum
734 1174 778 1238 ad
799 1176 991 1255 soluendum,
1013 1178 1064 1241 ted
1086 1187 1213 1243 mutum
1235 1180 1378 1260 penerate
1399 1178 1443 1242 ad
1464 1181 1615 1261 nepacia?

388 1293 441 1357 22.
465 1291 663 1357 Procurator
693 1286 750 1367 qui
781 1285 896 1349 coicere
924 1285 1090 1371 promitit,
1119 1286 1147 1348 ci
1178 1287 1388 1350 conueniatur
1418 1302 1440 1350 a
1478 1285 1631 1350 crocitare

523 1396 726 1471 mandantis,
745 1401 844 1473 potest
866 1392 903 1458 de
925 1393 1041 1457 credito
1064 1394 1147 1474 quad
1169 1402 1281 1457 contra
1304 1393 1411 1471 iprum
1434 1392 1522 1456 notet
1545 1393 1630 1456 euci-

517 1523 593 1589 pere
615 1512 643 1567 et
666 1500 746 1565 tttua
769 1516 981 1581 compensare.

387 1619 440 1685 23.
467 1617 503 1685 Si
524 1611 685 1679 mandant
709 1609 748 1674 rit
771 1608 890 1672 debitor
910 1626 950 1673 ec
968 1607 1118 1690 pruritus
1140 1608 1256 1686 cautio,
1270 1626 1336 1672 uon
1357 1613 1456 1687 potent
1468 1621 1628 1686 procuro·
1744 1664 1750 1676 ,

520 1733 571 1790 tor
592 1720 753 1784 dectarare
777 1718 813 1782 in
835 1733 934 1799 quom
957 1733 1091 1781 caurum
1113 1718 1225 1795 rotant,
1240 1716 1293 1782 red
1315 1716 1430 1781 mirere
1452 1722 1578 1779 uretur
1593 1716 1627 1778 in

518 1846 651 1896 caucam
673 1844 695 1891 a
718 1827 849 1891 metum
871 1840 1063 1907 enpreetam

386 1941 438 2007 23,
459 1939 509 2005 Ad
530 1936 757 2003 declarandam
779 1934 902 1999 domini
923 1935 1117 1999 voiuntatem
1141 1934 1322 2017 requiritur
1343 1932 1535 1996 mandatum
1559 1948 1624 2011 cpe-

516 2047 605 2111 ciate.

384 2156 437 2222 25.
463 2154 549 2234 Quid
570 2153 598 2216 ci
619 2151 654 2214 in
685 2148 839 2214 mandato
869 2167 936 2214 non
960 2151 1001 2213 tit
1029 2164 1178 2231 ecpreeca
1209 2166 1309 2215 cauea
1331 2151 1367 2214 in
1387 2165 1488 2233 quarn
1510 2150 1551 2213 cir
1572 2150 1623 2231 sa·

518 2258 634 2325 cienda
656 2259 795 2322 tolutio?

384 2365 437 2433 26.
458 2367 560 2433 Facta
583 2366 737 2429 rotatione
760 2381 782 2428 a
801 2374 1012 2448 procuratore
1034 2367 1161 2447 tpcmer
1182 2367 1302 2432 deditae
1322 2367 1446 2432 mittiue
1467 2368 1602 2432 ridetur.

383 2478 436 2543 27.
461 2477 655 2542 Mandatum
678 2475 721 2539 ad
742 2474 926 2540 soluendum
950 2476 1044 2539 tacite
1067 2486 1235 2541 revocatur
1257 2485 1359 2541 morte
1378 2475 1575 2540 mutauit.

383 2582 436 2649 28.
459 2582 600 2662 Contra,
623 2583 650 2646 si
672 2583 711 2647 sit
732 2584 859 2665 sactum
882 2583 1076 2648 mandatum
1097 2584 1135 2650 de
1157 2585 1302 2650 cavendo
1324 2594 1425 2651 certae
1444 2600 1607 2666 puronae.

381 2693 433 2760 29.
459 2693 563 2758 Potest
586 2693 731 2756 reuocari
752 2693 849 2755 etiam
869 2708 1021 2773 eapreere.

382 2805 435 2871 30.
458 2801 640 2869 Dummodo
663 2817 698 2864 re
717 2801 843 2883 intepra
865 2802 920 2886 pat
943 2804 1106 2868 revocatio.

382 2915 435 2983 31.
458 2915 501 2979 ta
523 2931 590 2978 nan
612 2912 715 2994 suerit
738 2928 887 2993 caprena
910 2921 996 2976 certa
1015 2929 1153 2994 parona
1184 2915 1240 2978 eui
1270 2915 1309 2979 eit
1331 2913 1485 2997 radenda
1506 2916 1624 2980 solutio

514 3023 592 3104 quia
616 3029 695 3084 tune
717 3029 760 3084 ert
782 3020 832 3084 itti
847 3019 906 3101 jur
926 3023 1116 3104 quaeritum.

380 3133 433 3200 32.
457 3132 579 3199 Contra
600 3130 685 3213 quod
705 3125 834 3193 nulium
850 3128 909 3208 jur
927 3130 979 3194 itti
996 3129 1177 3212 puaecitum
1199 3146 1233 3192 re
1255 3131 1379 3211 intepra
1394 3129 1535 3205 deum,
1555 3127 1619 3190 uici
1695 3123 1697 3128 ’

509 3259 571 3323 pro
594 3241 664 3321 ipra
683 3240 783 3323 suerit
805 3255 826 3301 a
848 3240 1084 3323 ruariorum
1106 3238 1278 3319 diputatio.

382 3352 434 3420 33.
459 3349 613 3430 municio
634 3348 703 3431 fieri
722 3344 840 3410 deberet
863 3347 976 3413 rotatio
999 3346 1044 3408 ad
1064 3349 1207 3430 [acorem
1231 3345 1400 3411 Eceterine

380 3458 433 3527 311.
458 3457 494 3524 Si
516 3457 664 3519 notarice
694 3462 830 3535 acceptet
861 3469 899 3516 ae
922 3455 1058 3536 recipiat
1087 3471 1148 3535 pro
1176 3454 1300 3518 obrem
1329 3453 1379 3517 itii
1403 3450 1463 3532 jru
1488 3451 1619 3532 pienum

512 3571 608 3645 atque
629 3561 829 3626 irrevocabile
850 3562 974 3625 minine
997 3563 1191 3646 acquiritur,
1209 3563 1273 3627 niti
1293 3562 1497 3644 muudum
1518 3557 1621 3639 ratii-

514 3671 644 3735 catione.

378 3780 431 3846 35.
455 3776 537 3844 Nam
556 3777 651 3858 prius
672 3785 715 3840 est
738 3778 824 3840 iocus
841 3779 1062 3857 poenitentioe.

378 3887 431 3954 36.
455 3887 498 3952 Et
519 3893 595 3950 ante
615 3886 719 3967 iprum
742 3900 798 3948 nec
817 3885 998 3949 dominium
1019 3888 1218 3970 aequiritur,
1242 3903 1300 3952 nec
1319 3887 1477 3968 poenitio.

378 3996 431 4064 37.
454 3997 539 4063 Licet
560 3994 730 4076 promissio
750 3994 851 4076 sueri
867 3991 1054 4073 juramento
1075 3996 1204 4076 firmata
1227 3996 1355 4059 notaria
1368 3994 1545 4076 etiputaute
1557 4009 1619 4074 pro

509 4104 640 4168 attente.
1279 4103 1283 4112 ’

400 4424 428 4492 1.
450 4340 709 4510 Explicavimos
730 4429 763 4493 in
784 4381 1157 4515 praecedenticupiteea
1172 4450 1257 4515 quae
1275 4432 1315 4499 ad
1337 4432 1523 4498 mandatum
1546 4429 1674 4497 tacitam

308 4541 347 4604 de
368 4537 513 4603 solvendo
535 4538 567 4602 in
590 4542 727 4601 mentem
758 4546 933 4619 renuunt,
955 4542 1100 4622 sequitur
1123 4547 1161 4607 at
1183 4540 1287 4623 utiquc
1309 4541 1450 4607 dicamas
1470 4539 1513 4605 dc
1534 4537 1675 4604 mamm

306 4661 471 4727 expressa:
485 4644 571 4724 quod
592 4648 641 4710 eet
660 4644 786 4727 quando
807 4650 962 4730 expressio
984 4650 1085 4715 verbio
1105 4650 1181 4731 quic
1198 4650 1406 4717 constituitur
1427 4653 1616 4733 procurator
1637 4644 1673 4710 ad

1845 3945 1846 4032 t

307 4750 489 4817 solvendum
500 4752 546 4814 vet
555 4752 617 4816 atio
627 4752 729 4832 modo,
738 4758 835 4836 prout
844 4756 1027 4824 mandatam
1039 4758 1107 4823 fieri
1122 4771 1211 4841 poeta
1224 4759 1365 4825 dixiram
1372 4777 1468 4843 capro
1477 4752 1674 4839 caunum

306 4858 343 4922 dc
363 4859 586 4942 procuratorio
607 4861 837 4926 constitutione.
1828 4799 1846 5715 J
