3734 5750
306 365 372 438 aaa
679 412 681 415 .
734 356 936 429 sonorior
958 346 1080 430 cunm
1102 362 1248 433 ratur.

306 564 325 603 a
349 532 458 617 aierit,
481 528 614 613 ideoque
636 530 672 601 in
690 529 812 611 aequali
842 548 999 596 concursu
1024 532 1121 616 ipsius
1144 533 1320 599 mandantis
1341 538 1376 600 et
1397 533 1504 617 tertii,
1526 541 1676 621 quicum

303 673 327 713 ‚a
352 642 546 715 mandatorio
567 640 742 718 contraxit,
764 639 907 731 qnamus
930 644 1066 721 uterque
1086 640 1127 707 da
1149 641 1262 709 dunno
1279 641 1405 707 vitando
1418 651 1550 727 agerat,
1569 647 1680 713 melior

307 782 326 821 a
350 762 399 823 ast
421 751 561 818 conditio
593 749 699 827 tertii,
729 751 843 831 utpote
872 748 974 832 magis
1005 747 1178 815 innovantis
1206 765 1303 831 qnam
1334 748 1512 817 mandantis
1541 751 1678 836 cnlposi,

306 891 326 929 a
352 865 447 934 aare
471 862 507 924 ds
531 859 609 926 Lac.
631 858 667 921 de
689 857 784 939 repul.
806 857 880 921 dise.
904 852 968 919 115
990 872 1023 921 ss
1048 854 1099 921 m

395 969 425 1035 6.
447 968 506 1034 Vel
529 970 719 1050 potestesse
742 963 823 1029 ratio
844 981 881 1028 ea
896 981 1000 1053 ¹apuam
1023 964 1199 1031 considerat
1215 965 1361 1048 Perper.
1382 984 1467 1033 eoos
1488 962 1555 1032 tua
1580 984 1612 1031 ss
1637 966 1677 1031 17

307 1082 357 1147 llo.
379 1077 410 1160 2,
431 1076 517 1159 quod
540 1074 665 1156 quando
688 1072 855 1155 praecessit
876 1071 1070 1152 mandatnm,
1084 1078 1273 1155 procurator
1296 1072 1410 1141 taciem
1424 1080 1539 1156 actum,
1553 1095 1678 1161 sempor

307 1192 452 1257 oemtur
468 1185 568 1250 iacere
579 1182 715 1246 nomine
735 1180 974 1260 constituentis,
997 1181 1120 1247 umam
1132 1180 1197 1253 ,hoc
1210 1199 1272 1249 non
1285 1183 1464 1264 exprimat,
1479 1184 1513 1248 L
1528 1186 1556 1248 si
1569 1202 1678 1248 serora

306 1295 486 1362 communis
507 1293 547 1357 sit
570 1291 734 1368 omnium,
756 1291 792 1354 io
815 1306 894 1354 ossa
913 1291 967 1372 10.
985 1289 1017 1374 ff
1033 1290 1070 1354 ds
1089 1291 1231 1372 01100101.
1245 1309 1381 1370 sarona,
1397 1292 1433 1357 L
1447 1295 1504 1375 pai
1518 1294 1555 1358 ia
1570 1295 1675 1358 aliena

306 1420 383 1469 sess.
406 1402 435 1464 si
456 1399 562 1481 isqui
583 1397 735 1480 patabat,
757 1401 791 1462 et
813 1396 855 1462 ibi
872 1396 963 1463 Bort.
979 1417 1011 1462 aa
1033 1446 1041 1462 .
1063 1447 1070 1463 .
1093 1399 1191 1483 ,11110
1206 1402 1328 1482 acquir.
1342 1399 1482 1480 uasa,
1496 1406 1530 1467 at
1548 1402 1676 1484 proinde

305 1511 451 1576 dominus
474 1510 558 1590 ipse,
581 1524 643 1569 non
667 1509 855 1587 procurator
877 1505 971 1571 dehet
992 1505 1132 1590 obligari.

396 1642 414 1680 a
438 1619 632 1683 Procurator
653 1611 780 1677 licelid
801 1630 864 1677 non
894 1615 1073 1696 exprimat,
1095 1619 1242 1681 censetur
1270 1615 1321 1685 uti
1344 1614 1413 1683 talia
1441 1614 1543 1679 iacere
1569 1617 1675 1679 actum

307 1755 325 1794 a
349 1729 475 1811 quoties
496 1722 663 1808 praecessit
686 1720 889 1800 mandatnm,
912 1719 1051 1786 Aetolia.
1074 1722 1258 1787 resolution.
1279 1716 1324 1785 13
1346 1738 1379 1786 o.
1401 1717 1452 1785 37.

392 1835 424 1901 7.
445 1836 508 1899 Pro
530 1850 594 1912 qua
616 1829 812 1895 conclusione
842 1832 947 1911 potest
975 1829 1072 1894 etiam
1103 1828 1294 1894 considerari
1325 1828 1385 1923 alia
1416 1827 1516 1905 ratio,
1538 1827 1614 1906 quia
1646 1825 1674 1890 in

304 1945 421 2023 dubio,
441 1940 534 2006 verba
557 1936 759 2002 instrumenti
782 1940 857 2001 sunt
879 1953 1003 2018 semper
1026 1936 1205 2018 accipienda
1228 1941 1261 2002 et
1284 1916 1513 2019 restringenda,
1535 1940 1575 2000 ut
1596 1933 1674 1999 reta

303 2057 417 2118 rantur
446 2048 617 2112 dumtaxat
647 2042 686 2111 ad
715 2059 829 2106 nomen
857 2043 1134 2126 procuratorium,
1166 2042 1264 2110 Gora.
1293 2062 1377 2109 cosas.
1409 2041 1473 2108 139
1502 2062 1536 2108 aa
1557 2041 1579 2106 d
1600 2041 1672 2106 sttl

303 2161 353 2226 lid.
375 2154 416 2237 1,
437 2160 471 2221 at
493 2158 563 2238 post
584 2170 659 2217 eum
684 2150 834 2217 Lederata
856 2169 940 2215 coos.
962 2147 1006 2215 36
1029 2168 1061 2216 a.
1084 2149 1587 2235 13es1ttto.1‚scpropteran
1601 2172 1671 2221 curn

303 2271 492 2352 procurator
514 2260 591 2326 nihil
613 2258 738 2323 nomine
759 2259 888 2341 proprio
911 2263 1020 2342 gerat,
1040 2277 1101 2325 non
1124 2265 1173 2327 est
1193 2278 1332 2343 aequum
1355 2265 1395 2327 ut
1416 2279 1474 2344 pro
1494 2260 1580 2327 iacto
1601 2279 1672 2327 ron·

303 2373 463 2455 stitueutis
486 2371 734 2453 ipseramanaat
755 2367 920 2451 obligatus

392 2479 423 2545 8.
446 2479 550 2560 Quam
572 2475 801 2540 conclusionem
831 2476 962 2558 ampliat
995 2476 1121 2559 Salonas
1142 2479 1170 2541 d
1194 2495 1276 2543 sona
1297 2474 1319 2541 8
1341 2497 1380 2549 ss,
1396 2475 1434 2559 2,
1457 2483 1496 2543 ut
1525 2479 1672 2561 procedat

303 2592 401 2662 etiam
424 2590 450 2655 si
471 2590 652 2653 contractus
673 2583 729 2667 qni
753 2583 896 2667 geritur,
916 2586 1079 2651 conveniat
1101 2586 1246 2669 utrique,
1269 2587 1410 2663 videlicet
1431 2592 1498 2654 tam
1513 2589 1670 2655 mandanti

303 2719 400 2789 quam
422 2695 622 2791 procuratori
643 2697 677 2758 et
699 2692 902 2761 mandatorio.

311 2877 315 2886 δ
361 2889 365 2896 ¹
392 2808 422 2874 9.
444 2806 616 2874 limitatur
638 2802 742 2887 primo
763 2801 860 2866 etiam
883 2800 967 2866 dicta
996 2801 1172 2882 conclusio,
1193 2803 1219 2867 si
1235 2806 1432 2886 ,procumtor
1460 2801 1670 2869 contrahmdo

302 2917 459 3008 promisitw
478 2912 644 2992 dominum
675 2908 741 2973 lore
772 2909 1004 2975 mtiflcaturum
1036 2917 1122 2995 gesta
1144 2929 1201 2994 per
1226 2912 1396 3004 ipsum3si
1418 2911 1568 2980 dominus
1588 2913 1670 2978 anlm

302 3028 381 3112 polit
403 3021 575 3100 notificare,
599 3017 664 3099 ipss
686 3021 874 3102 procurator
898 3023 1041 3084 remanet
1061 3020 1217 3103 obligatus
1238 3019 1278 3085 ad
1308 3022 1475 3101 inteream,
1496 3021 1532 3086 L
1554 3022 1585 3085 si
1606 3022 1671 3086 sisa

299 3136 330 3222 ff
348 3152 424 3200 rem.
445 3137 507 3196 rot.
538 3126 659 3206 ossas,
681 3123 872 3207 dipadapsr.
901 3127 1055 3207 stapulas.
1087 3126 1236 3204 obseruas.
1266 3126 1427 3196 001001
1452 3128 1600 3192 almam
1625 3123 1670 3188 75

301 3243 392 3316 sai,
443 3255 445 3258 ’

393 3345 442 3411 to
464 3345 636 3438 Limitatur
657 3343 811 3423 meando,
832 3344 858 3407 si
880 3348 1030 3426 appareat
1043 3343 1280 3409 contrahentem
1304 3361 1378 3411 cum
1393 3345 1450 3412 tali
1464 3347 1670 3429 procuratore

300 3456 432 3522 voluisse
454 3454 550 3518 etiarn
572 3468 733 3516 remanare
753 3450 811 3516 sibi
834 3450 1009 3534 obligatum
1025 3452 1128 3534 ipsum
1144 3456 1397 3535 procuratorem,
1420 3453 1514 3520 Gadr.
1528 3472 1614 3520 sons
1626 3451 1665 3516 71

301 3562 471 3644 013111·
495 3560 524 3642 1,
607 3637 610 3642 ,
1018 3627 1022 3640 .
1285 3585 1289 3590 ’

233 3746 235 3748 .
331 3735 334 3750 ,
389 3672 439 3741 11.
461 3672 634 3742 limitatur
655 3667 769 3748 tertio,
790 3668 815 3732 si
832 3667 899 3733 iste
920 3674 1109 3750 procnmtor
1137 3670 1306 3737 contrahat
1329 3686 1427 3752 super
1448 3669 1580 3753 negocio
1601 3684 1666 3751 spe

300 3789 405 3854 cane
426 3799 488 3847 non
509 3779 610 3846 solnm
632 3775 672 3841 ad
686 3776 949 3856 constituentem,
970 3776 1023 3843 aad
1045 3777 1205 3844 etiamad
1218 3778 1390 3860 ipsummet
1412 3779 1667 3858 procuratorem,

299 3909 373 3976 nam
403 3889 523 3958 ratione
554 3884 675 3969 proprii
705 3883 853 3949 interesse
883 3886 950 3967 ipse
980 3903 1108 3968 quoqne
1144 3891 1322 3953 remaneret
1359 3886 1534 3970 mopsus,
1572 3884 1666 3951 Bais.

300 4017 383 4070 coss.
403 3994 447 4059 75
470 4013 503 4058 a.
528 3990 570 4060 15
593 3992 642 4058 lid.
664 3989 708 4069 5,
727 3989 874 4058 &ctiam
896 3993 987 4058 decis.
1010 3993 1132 4060 Mesala.
1156 3992 1221 4060 155
1243 4014 1275 4060 ss.
1288 3991 1320 4080 ‚d
1340 4012 1414 4060 cum
1435 3994 1548 4068 multis
1569 4010 1646 4076 sopp.

389 4099 441 4166 12
462 4099 635 4166 Limitatur
664 4103 799 4179 quarto,
829 4100 954 4180 quando
986 4108 1174 4184 procurator
1204 4119 1238 4169 se
1267 4102 1416 4186 obligarit
1445 4102 1484 4168 de
1523 4101 1667 4185 proprio,

301 4213 407 4306 Puris.
429 4228 487 4293 pro
518 4204 680 4286 communi
711 4224 795 4273 coss
824 4202 870 4272 78
902 4226 934 4272 ss.
964 4203 1006 4272 11
1032 4219 1060 4274 st
1084 4228 1180 4294 sopp,
1202 4203 1534 4293 assignaremus
1557 4208 1607 4273 lid.
1630 4203 1667 4283 1,

302 4322 396 4389 Gale.
416 4319 446 4388 d.
468 4335 550 4384 eoas.
564 4312 621 4402 „71
656 4333 688 4378 0.
710 4311 731 4377 9
753 4315 802 4380 lid.
827 4313 864 4394 1,
895 4315 1022 4399 anoss.
1052 4318 1142 4383 deda
1173 4317 1305 4386 Laesus.
1337 4313 1380 4379 25
1402 4335 1435 4381 sa
1457 4313 1520 4394 51,
1540 4314 1668 4380 Rotas

300 4447 383 4496 cons.
405 4425 568 4506 0110111101.
588 4418 654 4486 490
677 4441 714 4508 11Ἀ
733 4421 750 4486 1
775 4424 824 4489 lt'b.
847 4423 877 4494 2
1144 4499 1148 4508 ¹
1348 4491 1352 4500 ,
1498 4501 1501 4510 ,

391 4529 440 4602 15.
462 4531 664 4616 Contrarium
687 4533 792 4596 tamon
815 4532 848 4596 in
869 4532 928 4598 hac
949 4533 1136 4601 limitatione
1157 4537 1259 4604 voluit
1280 4535 1373 4602 Balal
1394 4555 1479 4616 cosas
1503 4533 1526 4598 2
1546 4554 1578 4600 a.
1600 4583 1609 4599 .
1629 4582 1667 4598 ..

298 4646 349 4712 lid.
372 4642 413 4723 5,
434 4642 551 4718 Decius
573 4656 656 4707 cosas
680 4636 745 4703 510
767 4659 799 4705 a.
825 4638 862 4716 1,
885 4647 956 4726 post
977 4661 1074 4724 quos,
1095 4649 1128 4710 et
1149 4645 1226 4711 alios
1248 4643 1609 4712 [auscultantem
1623 4636 1667 4705 dd

297 4772 330 4818 sa
354 4748 403 4822 11.

352 4909 356 4934 ,
389 4853 441 4926 1t.
460 4825 751 4954 Limitatiotapren
771 4857 1205 4943 mssetpmoedam.quando
1220 4866 1410 4945 procurator
1421 4860 1591 4945 obligasset
1605 4874 1665 4922 non
