3734 5750
321 376 386 441 220
749 369 950 438 Luuovlcl
972 367 1094 437 caduci
1117 368 1264 436 Tuscu.

412 567 429 605 u
454 543 582 610 Dicitur
603 547 709 608 autem
725 542 886 607 continere
900 539 1081 606 facultatem
1096 540 1322 621 substituendi,
1336 542 1361 606 si
1377 541 1569 609 substitutus
1583 545 1693 611 solitos

322 679 340 717 s
366 654 428 720 fuit
450 669 561 737 gerere
582 652 678 717 etiam
700 652 760 717 alia
784 652 912 735 negocia
943 650 1180 729 substituentis,
1204 651 1291 714 decis
1322 645 1386 712 313
1419 670 1451 713 n.
1479 647 1522 712 22
1542 662 1626 733 port.
1650 649 1694 713 13

324 761 493 827 «Ηοοεηι.
963 742 965 747 ⁸

410 870 554 934 «immo
585 867 768 933 mandatum
800 884 954 951 procuras
987 867 1131 948 gencrale
1167 865 1285 933 dicitur
1314 866 1474 931 continere
1512 868 1694 933 facultatem

322 997 340 1036 c
363 976 590 1056 substituendi,
611 977 707 1041 ctiam
729 976 755 1042 si
776 976 875 1042 fucrit
895 976 993 1041 efacta
1016 975 1170 1042 industria
1201 993 1366 1059 personae,
1396 976 1484 1041 decis.
1507 973 1573 1040 813
1597 996 1629 1040 n,
1651 973 1694 1037 21)

324 1108 341 1146 o
366 1095 449 1167 part.
474 1081 514 1147 18
537 1095 610 1149 tom.
633 1082 654 1146 2
679 1084 802 1150 Recent.

413 1216 431 1254 o
454 1194 491 1259 lu
515 1194 662 1258 mandato
684 1210 777 1268 vero,
801 1196 891 1278 cujus
912 1194 1022 1277 vigore
1045 1193 1107 1260 fuit
1127 1194 1206 1259 facta
1227 1192 1430 1271 substitutio,
1447 1193 1473 1258 si
1496 1191 1574 1256 iilud
1594 1190 1691 1256 fucrit

326 1326 343 1365 u
369 1303 537 1383 omissum,
559 1301 688 1368 facultas
702 1301 912 1368 substituendi
927 1301 1061 1369 adfuisse
1076 1301 1309 1395 procamium,
1331 1300 1403 1365 liat.
1418 1299 1508 1364 decis.
1522 1294 1588 1363 313
1605 1316 1636 1361 n.
1650 1293 1691 1358 21

325 1437 342 1476 a
365 1423 450 1495 part.
476 1408 513 1474 11
541 1411 665 1477 [iacent.

819 1678 1054 1750 CAPUT
1103 1677 1211 1747 xm.

392 1937 726 2006 PROCURATORES
748 1938 909 2006 PLURES
930 1938 974 2002 IN
995 1936 1148 2005 EADEM
1171 1937 1307 2006 caiisa
1331 1939 1414 2005 VEL
1437 1937 1497 2005 11)
1521 1936 1632 2004 IDEM

582 2044 804 2114 NEGOGIUM
825 2044 1001 2126 QUANDO
1022 2045 1240 2116 CONSTITUI
1262 2047 1439 2115 POSSINT.

852 2280 1178 2331 sumnum!

288 2480 291 2487 '
419 2477 445 2541 1.
473 2477 553 2542 Tum
575 2480 618 2543 ad
633 2479 804 2560 jndiciatia
827 2499 925 2563 quam
940 2482 984 2547 ad
997 2486 1127 2566 nepocia
1140 2494 1274 2566 possunt
1286 2485 1397 2566 piures
1409 2494 1636 2566 procuratores

527 2589 686 2653 constitui.

417 2692 445 2757 2.
472 2692 568 2760 Serus
590 2697 627 2761 in
650 2699 756 2762 causis
778 2700 1025 2764 universitatum
1048 2709 1077 2764 et
1099 2701 1305 2782 cotiepiorum.

418 2799 448 2867 3.
472 2804 568 2870 Ratio
589 2805 778 2870 diversitatis
799 2805 954 2874 redditur.

417 2909 447 2977 d.
474 2913 560 2977 idem
580 2914 720 2994 procedit
742 2915 777 2978 in
798 2915 947 2996 pturidus
967 2918 1029 2981 reis
1050 2917 1180 2983 dedendi
1201 2920 1368 2983 conventis.

418 3020 447 3085 5.
474 3019 510 3086 Si
525 3022 633 3102 piures
647 3022 761 3087 vasatii
775 3041 797 3087 a
812 3024 940 3089 domino
955 3029 1195 3107 conveniantur,
1209 3046 1297 3093 unus
1311 3028 1351 3093 ad
1366 3027 1429 3092 itiis
1441 3036 1639 3108 procurator

534 3139 577 3193 est
599 3131 756 3197 creandus
778 3134 836 3215 qui
856 3145 1038 3216 compareat
1058 3153 1121 3217 pro
1142 3136 1296 3201 omuibus
1774 3203 1778 3210 .

420 3235 449 3300 6.
475 3235 511 3302 Si
538 3238 663 3320 pariter
689 3241 799 3322 plures
830 3243 893 3307 sint
924 3244 1123 3321 condamini,
1144 3243 1301 3326 puidusu
1330 3244 1458 3309 vosauis
1489 3241 1635 3306 defeatur

529 3364 662 3412 annuus
683 3367 811 3429 census,
833 3369 923 3416 unus
945 3350 985 3416 oi
1005 3353 1068 3417 iliis
1091 3363 1220 3418 exactor
1241 3354 1347 3417 creari
1368 3351 1459 3417 debet.

419 3453 451 3517 7.
477 3454 565 3519 idem
587 3459 682 3522 etiam
704 3461 827 3523 cerami
847 3459 931 3523 dedet
954 3461 1083 3543 quando
1104 3463 1212 3543 plures
1223 3459 1416 3544 fidejussores
1439 3458 1476 3522 in
1500 3453 1637 3520 soiidum

529 3565 657 3647 vitipati
677 3568 724 3630 vei
745 3568 981 3633 conveniuntur
1003 3577 1040 3633 ut
1061 3587 1092 3633 se
1112 3569 1301 3651 defendant,
1323 3569 1370 3632 vei
1392 3566 1455 3647 ipsi
1475 3571 1577 3645 opunt
1601 3568 1637 3622 ut

531 3684 755 3740 conserventur
777 3675 946 3741 indemnes.

424 3780 455 3848 8.
479 3783 631 3850 Similiter
652 3786 681 3849 si
702 3785 935 3850 conveniantur
953 3788 1063 3867 piures
1084 3786 1228 3882 averem
1242 3785 1342 3849 unius
1356 3782 1509 3857 deditoris,
1531 3791 1637 3840 uuum

531 3899 774 3972 procuratorem
796 3894 986 3958 constituere
1008 3902 1167 3959 tenentur.

425 3999 455 4063 9.
481 3998 577 4064 Seous
598 4001 626 4064 si
647 4001 710 4081 ipsi
731 4018 797 4065 non
820 4003 1067 4081 conveniantur,
1090 4002 1141 4065 sed
1163 4010 1270 4083 apant.

404 4106 454 4170 10.
478 4106 568 4171 Inter
589 4107 733 4172 taeredm
755 4111 838 4174 actio
859 4111 1022 4175 dividitur.
1262 4093 1264 4098 ’

404 4211 454 4277 11.
479 4215 616 4293 Murio
638 4218 872 4282 conveniuntur
894 4219 1003 4299 plures
1018 4219 1176 4298 haeredes,
1191 4229 1268 4284 tunc
1291 4216 1394 4280 sotum
1419 4214 1486 4293 copi
1506 4214 1640 4292 possunt

534 4325 577 4387 ad
607 4344 712 4389 unum
740 4336 984 4407 procuratorem
1016 4326 1289 4402 constituendum,
1319 4322 1448 4406 potamia
1481 4318 1641 4400 Judicium

535 4443 679 4515 coeptum
701 4427 771 4500 erut
794 4454 867 4499 cum
889 4435 1049 4519 defuncta.

407 4536 457 4601 12.
479 4537 567 4602 Atius
588 4542 715 4622 puiiidet
735 4551 834 4625 potest
854 4547 962 4627 fucere
986 4562 1082 4609 suum
1102 4552 1353 4626 procuratorem.

407 4642 456 4708 13.
481 4644 564 4710 Nam
586 4649 712 4729 quitidet
734 4660 857 4716 tenetur
878 4669 938 4733 pro
959 4668 1020 4717 sua
1038 4654 1184 4735 portione
1205 4652 1431 4717 haereditario.

403 4748 452 4817 ti.
479 4753 565 4818 diem
587 4768 759 4824 conventus
777 4761 924 4841 pluribus
947 4762 1144 4835 actionibus,
1167 4761 1276 4841 piures
1303 4768 1403 4841 potest
1432 4760 1541 4840 fuam
1564 4769 1640 4836 W·

537 4875 707 4931 curatores.
