3734 5750
541 328 598 398 DE
621 324 1008 395 auoeuuaiumeus
1028 327 1117 394 dna.
1138 327 1287 397 lxxix„
1525 325 1593 397 itt

226 498 304 571 illud
327 503 413 588 plus,
436 518 477 565 an
498 500 605 584 potius
626 501 773 564 tencatur
795 497 963 563 restituere
986 497 1164 574 mandanti,
1187 502 1324 566 maxime
1345 506 1372 568 ei
1396 506 1427 568 in
1450 511 1595 577 mandato

227 633 289 681 non
311 615 354 679 sit
375 612 496 679 adiecta
519 607 675 685 clausula,
696 604 782 688 quod
803 604 829 669 si
853 604 923 687 plus
953 604 1067 670 vendat
1095 604 1172 671 illud
1194 608 1251 673 sibi
1272 612 1424 692 acquirat
1444 614 1488 681 lit
1509 618 1594 698 quod

227 724 303 791 illud
326 723 397 805 plus
417 721 460 787 sit
482 715 715 784 restituendum
738 712 908 791 mandanti,
930 712 1089 778 concludit
1111 713 1234 779 Mersit
1255 718 1368 798 depol.
1382 715 1449 783 633
1469 729 1498 785 et
1520 718 1594 786 dod.

316 826 367 894 11.
389 827 471 895 Cum
502 826 587 891 enim
617 820 769 888 mandans
796 824 945 887 tenffltm
974 822 1015 887 ad
1046 832 1139 886 omne
1169 823 1346 905 periculum
1377 829 1421 892 rei
1454 830 1594 896 venditae

226 937 368 1003 succedit
389 935 528 1019 vulgaris
550 932 658 1016 regula
680 947 756 994 eum
777 930 868 1010 sequi
888 930 1002 995 debere
1023 931 1194 995 commoda
1209 932 1262 996 cui
1284 933 1450 1001 imminent
1474 937 1593 1001 ineam-

226 1044 338 1126 moda,
361 1043 397 1108 L.
420 1039 595 1108 secundum
617 1047 789 1117 moraes,
810 1043 845 1103 ot
867 1039 909 1103 ibi
933 1039 1007 1104 DD.
1027 1038 1059 1121 ff
1075 1040 1112 1102 de
1133 1040 1231 1120 repet
1246 1040 1315 1121 ιἰιι.

318 1148 367 1214 12
388 1150 497 1230 Neque
518 1147 600 1212 enim
621 1145 748 1209 lucrum
769 1145 862 1211 debat
882 1163 948 1211 esse
970 1147 1036 1212 sine
1058 1146 1215 1228 periculo,
1230 1153 1268 1213 nt
1283 1150 1314 1214 in
1337 1154 1497 1236 proposito
1517 1155 1595 1223 dicit

228 1255 337 1323 Giurt.
359 1252 506 1322 decocta
529 1274 561 1320 ιι.
577 1251 612 1318 11
700 1306 702 1309 ,

318 1362 368 1434 13
389 1368 439 1432 Ex
462 1363 608 1429 mandato
621 1362 706 1427 enim
721 1360 805 1444 apud
820 1367 1060 1443 procuratorem
1075 1363 1132 1443 qui
1147 1363 1329 1429 mmsdatmn
1348 1370 1503 1451 suscepit,
1518 1370 1593 1435 nihil

224 1490 387 1539 remanare
409 1476 556 1555 oportet,
575 1471 669 1537 sicuti
693 1487 749 1535 nec
771 1470 923 1534 damnum
944 1471 1030 1554 pati,
1051 1475 1090 1536 ut
1108 1471 1190 1537 dicit
1210 1470 1269 1538 to
1284 1473 1373 1539 ivel.
1387 1495 1428 1540 ss
1441 1479 1593 1555 muudum

226 1580 257 1663 ff
274 1581 380 1644 mund

316 1683 367 1752 ll.
388 1689 431 1753 ut
453 1689 641 1770 procurator
662 1689 766 1767 potest
784 1685 887 1751 lacere
910 1687 1072 1752 meliorem
1102 1689 1312 1758 conditionem
1341 1694 1536 1780 inundantis,
1558 1706 1595 1767 ut

220 1797 297 1864 alius
318 1797 441 1862 dictum
464 1795 533 1861 init

314 1901 365 1969 16.
387 1903 513 1969 Tertius
533 1908 583 1969 est
603 1920 710 1982 casas,
730 1903 855 1987 qmndo
887 1906 1086 1987 mocuratovi
1106 1905 1171 1972 init
1198 1906 1320 1975 iactam
1347 1908 1532 1978 mandatam
1553 1915 1593 1980 ad

223 2013 420 2080 vendendum
454 2013 493 2078 ad
524 2012 671 2078 effectum
701 2020 739 2078 nt
770 2030 844 2077 cum
873 2014 997 2096 praecio
1018 2012 1149 2080 satisfiat
1169 2012 1378 2084 creditoribus
1399 2018 1592 2097 mandantis,

222 2130 257 2191 et
280 2124 340 2188 hoc
361 2140 434 2190 casu
467 2122 570 2186 verior
591 2127 640 2187 est
670 2122 775 2204 opinio
807 2123 969 2206 negativa,
990 2122 1075 2203 qnod
1106 2123 1244 2190 venditio
1271 2140 1335 2191 non
1355 2124 1455 2207 possit
1480 2125 1551 2191 lieri
1573 2144 1592 2191 a

224 2235 430 2317 procuratore
461 2230 565 2296 habita
597 2230 659 2296 lide
687 2229 727 2294 de
759 2230 902 2312 praecio,
923 2229 1017 2297 Bcrt
1036 2248 1095 2313 per
1115 2233 1208 2297 illum
1242 2233 1315 2299 itu.
1337 2235 1374 2299 ιἰι
1395 2236 1424 2300 d.
1445 2232 1469 2321 S
1490 2237 1543 2301 sed
1565 2238 1593 2301 si

220 2348 345 2421 ereptor
365 2356 398 2404 ιι
420 2335 441 2400 2
462 2339 498 2402 ιἰι
516 2339 579 2420 fio
597 2354 674 2403 vers
696 2340 724 2402 si
747 2353 820 2401 vero
841 2347 884 2404 est
905 2349 1120 2421 ριιοιιιιιιιι,
1141 2341 1272 2406 dinatio
1294 2341 1333 2406 de
1357 2341 1592 2411 66611661

220 2452 270 2519 tit
292 2447 335 2512 21
361 2467 392 2513 u
415 2444 436 2512 3
457 2463 535 2512 vers
557 2447 609 2511 sed
631 2445 741 2525 liert,
764 2446 836 2511 liot.
858 2462 967 2511 corum
993 2446 1088 2513 cord
1116 2446 1270 2513 Cooollcr.
1291 2448 1382 2515 dete
1405 2447 1446 2514 18
1468 2472 1500 2518 ιι.
1519 2448 1543 2514 l
1563 2463 1592 2520 ot

222 2563 286 2627 deo.
308 2553 354 2622 31
374 2576 407 2622 ιι.
429 2556 460 2636 6,
481 2555 537 2619 alvi
558 2554 665 2637 plures
685 2550 869 2638 dlepantm.

314 2662 364 2728 16
385 2663 527 2745 Quartus
541 2667 590 2728 est
605 2676 704 2741 meas,
719 2661 846 2742 quando
861 2667 1051 2745 procurator
1072 2663 1184 2730 habuit
1204 2665 1237 2728 in
1260 2664 1414 2732 mandatis
1428 2671 1467 2733 nt
1482 2667 1594 2733 vendat

224 2772 378 2856 praesenti
395 2772 544 2855 peculum
566 2776 601 2837 et
622 2770 682 2836 hoc
704 2770 800 2836 etiam
822 2787 894 2836 oasa
919 2772 1142 2855 multomagis
1161 2778 1212 2838 est
1234 2770 1277 2838 illi
1300 2764 1495 2855 prohibitum
1519 2793 1593 2842 ven·

220 2882 298 2949 dere
318 2882 424 2948 hahita
446 2880 507 2947 tide
527 2881 568 2947 de
599 2879 742 2965 praecio;
764 2885 892 2946 tenetur
913 2882 998 2946 enim
1019 2895 1145 2947 servare
1173 2883 1251 2949 dne's
1281 2885 1438 2965 mandati,
1461 2879 1498 2950 1
1518 2887 1592 2952 dili-

220 2989 521 3072 6616ίῖ666,
556 2987 623 3055 Soc,
653 2985 839 3054 leucam.
860 2986 1323 3116 21eiedsivueeetrtee
1347 2991 1458 3059 outae
1481 2995 1530 3059 lvd
1552 2991 1591 3074 3

224 3095 577 3179 Rotcoramiirapov.
602 3097 774 3162 xveen
798 3093 950 3163 eaeo.

313 3204 363 3271 17.
384 3205 550 3286 Quomodo
572 3211 681 3271 antem
704 3211 912 3289 summetur
934 3207 1134 3289 procuratori
1157 3205 1251 3272 laiac
1273 3206 1384 3273 datam
1407 3207 1590 3274 manthtnm

219 3316 308 3398 quod
330 3314 442 3380 vendat
463 3314 617 3398 praesenti
641 3313 783 3396 petuma
805 3313 942 3378 ducunt
964 3313 1045 3396 dep.
1067 3331 1150 3379 eoas.
1172 3307 1240 3377 338
1263 3329 1295 3378 st
1318 3313 1419 3396 ilper
1433 3323 1497 3390 tot,
1523 3312 1590 3380 Soc.

222 3425 301 3491 duo.
322 3423 352 3488 d
373 3441 458 3488 cone
480 3419 520 3485 31
546 3441 578 3486 ιι.
599 3420 622 3483 2
640 3431 673 3486 et
689 3403 843 3500 mvltvm.
868 3420 945 3486 Just
966 3439 1050 3485 coos
1070 3420 1093 3485 6
1116 3419 1235 3486 navt
1256 3430 1365 3504 etuep
1387 3420 1436 3486 16
1460 3419 1488 3485 l

312 3527 363 3596 18.
384 3531 466 3597 lstae
479 3534 587 3595 autem
601 3529 813 3596 conclusiones
826 3530 991 3613 negativae
1005 3521 1149 3596 ffimatae
1161 3532 1196 3595 in
1209 3531 1313 3597 trilvns
1327 3529 1448 3597 ultimis
1461 3529 1591 3609 colibus,

220 3644 298 3708 sunt
319 3658 383 3706 uno
405 3639 498 3704 modo
521 3637 754 3722 restringendae
776 3655 817 3701 ex
841 3643 945 3702 mente
970 3636 1039 3703 Soc.
1062 3638 1139 3702 dun.
1160 3640 1197 3702 ie
1217 3638 1247 3702 d
1268 3635 1588 3701 eooe=21o2ms

222 3751 377 3825 secundm
400 3753 438 3814 at
460 3764 522 3810 non
545 3745 714 3829 procedant
735 3744 861 3826 quando
881 3743 990 3811 dilatio
1005 3746 1044 3811 ad
1058 3745 1238 3812 solvendum
1261 3746 1422 3828 praecium
1437 3744 1527 3809 tieret
1548 3760 1590 3808 ex

222 3856 358 3939 quadam
381 3854 563 3919 necesitate
583 3859 617 3917 et
637 3852 862 3935 congruentia,
885 3856 962 3998 puta
985 3852 1010 3918 si
1034 3853 1163 3919 traditio
1186 3855 1231 3919 rci
1259 3853 1400 3919 venditae
1422 3852 1588 3917 differatur

219 3965 262 4029 ed
284 3962 410 4045 afiqaod
435 3967 568 4044 evnpns
693 3983 698 3992 ¹
733 3977 746 3994 ¹·
797 3965 864 4012 ot·
1268 3975 1272 3984 ·

312 4069 363 4134 13.
385 4069 541 4154 Congruit
562 4069 647 4134 enim
669 4073 709 4134 61
730 4068 785 4132 ad
795 4067 873 4132 11166
903 4067 987 4133 idem
1010 4075 1137 4154 tmpus
1160 4069 1220 4136 dat
1243 4005 1384 4152 uinptori
1391 3993 1528 4135 (111111)
1546 4068 1589 4133 ad

217 4180 402 4249 solvendum
418 4179 597 4261 praecium,
611 4193 650 4240 ne
673 4177 815 4243 vmdltor
837 4176 989 4261 recipiens
1009 4181 1127 4258 statim,
1140 4178 1283 4243 oomlesa
1300 4173 1483 4254 venditione,
1496 4185 1587 4257 prae

219 4285 469 4370 ciumgandeat
492 4290 581 4350 rect
608 4283 752 4367 praecio,
769 4285 871 4350 meo
900 4285 1045 4352 adveniat
1072 4283 1199 4369 tempus
1227 4285 1404 4369 praedm
1425 4283 1586 4349 traditioni

219 4393 268 4458 rei
291 4392 452 4473 venditae,
473 4393 558 4475 quod
580 4397 661 4459 esset
683 4398 791 4459 mnus
813 4394 1025 4476 aequitatem,
1050 4393 1084 4459 L
1103 4394 1231 4460 66661
1253 4395 1317 4459 dod
1338 4394 1377 4458 de
1398 4402 1464 4458 oct:
1478 4389 1573 4474 erpo
