<?xml version="1.0" encoding="UTF-8"?>
<!DOCTYPE html PUBLIC "-//W3C//DTD XHTML 1.0 Transitional//EN"
    "http://www.w3.org/TR/xhtml1/DTD/xhtml1-transitional.dtd">
<html xmlns="http://www.w3.org/1999/xhtml" xml:lang="en" lang="en">
 <head>
  <title>
</title>
<meta http-equiv="Content-Type" content="text/html;charset=utf-8" />
  <meta name='ocr-system' content='tesseract 3.04.00' />
  <meta name='ocr-capabilities' content='ocr_page ocr_carea ocr_par ocr_line ocrx_word'/>
</head>
<body>
  <div class='ocr_page' id='page_1' title='image "./tractatusdeproc00cencgoog_0354.png"; bbox 0 0 3734 5750; ppageno 0'>
   <div class='ocr_carea' id='block_1_1' title="bbox 728 355 1239 432">
    <p class='ocr_par' dir='ltr' id='par_1_1' title="bbox 728 355 1239 432">
     <span class='ocr_line' id='line_1_1' title="bbox 728 355 1239 432; baseline 0.02 -10"><span class='ocrx_word' id='word_1_1' title='bbox 728 355 928 425; x_wconf 83' lang='lat' dir='ltr'>LUDOVlCl</span> <span class='ocrx_word' id='word_1_2' title='bbox 951 357 1072 427; x_wconf 70' lang='lat' dir='ltr'><strong><em>catal</em></strong></span> <span class='ocrx_word' id='word_1_3' title='bbox 1093 357 1239 432; x_wconf 66' lang='lat' dir='ltr'><strong><em>Tener.</em></strong></span> 
     </span>
    </p>
   </div>
   <div class='ocr_carea' id='block_1_2' title="bbox 390 522 1386 614">
    <p class='ocr_par' dir='ltr' id='par_1_2' title="bbox 390 522 1386 614">
     <span class='ocr_line' id='line_1_2' title="bbox 390 522 1386 614; baseline 0.013 -27"><span class='ocrx_word' id='word_1_4' title='bbox 390 522 419 587; x_wconf 84' lang='grc'><strong>2</strong></span> <span class='ocrx_word' id='word_1_5' title='bbox 442 522 543 607; x_wconf 82' lang='lat' dir='ltr'><strong><em>Atque</em></strong></span> <span class='ocrx_word' id='word_1_6' title='bbox 565 528 760 590; x_wconf 73' lang='lat' dir='ltr'><strong><em>consecutiva</em></strong></span> <span class='ocrx_word' id='word_1_7' title='bbox 784 537 811 592; x_wconf 93' lang='lat' dir='ltr'><strong><em>et</em></strong></span> <span class='ocrx_word' id='word_1_8' title='bbox 835 532 1056 611; x_wconf 69' lang='lat' dir='ltr'><strong><em>consequentia</em></strong></span> <span class='ocrx_word' id='word_1_9' title='bbox 1077 532 1121 595; x_wconf 92' lang='lat' dir='ltr'><strong><em>ad</em></strong></span> <span class='ocrx_word' id='word_1_10' title='bbox 1142 535 1247 614; x_wconf 68' lang='lat' dir='ltr'><strong><em>meum</em></strong></span> <span class='ocrx_word' id='word_1_11' title='bbox 1269 542 1386 600; x_wconf 90' lang='lat' dir='ltr'><strong><em>actum.</em></strong></span> 
     </span>
    </p>
   </div>
   <div class='ocr_carea' id='block_1_3' title="bbox 390 629 1607 826">
    <p class='ocr_par' dir='ltr' id='par_1_3' title="bbox 390 629 1607 826">
     <span class='ocr_line' id='line_1_3' title="bbox 390 629 1607 724; baseline 0.017 -29"><span class='ocrx_word' id='word_1_12' title='bbox 390 629 420 695; x_wconf 81' lang='grc'><strong>9.</strong></span> <span class='ocrx_word' id='word_1_13' title='bbox 443 631 529 697; x_wconf 83' lang='lat' dir='ltr'><strong><em>Unde</em></strong></span> <span class='ocrx_word' id='word_1_14' title='bbox 550 635 654 715; x_wconf 75' lang='lat' dir='ltr'><strong><em>oiaorc</em></strong></span> <span class='ocrx_word' id='word_1_15' title='bbox 677 635 751 700; x_wconf 78' lang='lat' dir='ltr'><strong><em>rotie</em></strong></span> <span class='ocrx_word' id='word_1_16' title='bbox 778 637 925 700; x_wconf 90' lang='lat' dir='ltr'><strong><em>mandati</em></strong></span> <span class='ocrx_word' id='word_1_17' title='bbox 942 646 1041 718; x_wconf 79' lang='lat' dir='ltr'><strong><em>potest</em></strong></span> <span class='ocrx_word' id='word_1_18' title='bbox 1057 658 1178 723; x_wconf 77' lang='lat' dir='ltr'><strong><em>quoque</em></strong></span> <span class='ocrx_word' id='word_1_19' title='bbox 1192 659 1244 707; x_wconf 79' lang='lat' dir='ltr'><strong><em>reo</em></strong></span> <span class='ocrx_word' id='word_1_20' title='bbox 1257 645 1293 707; x_wconf 89' lang='lat' dir='ltr'><strong><em>in</em></strong></span> <span class='ocrx_word' id='word_1_21' title='bbox 1305 644 1467 724; x_wconf 81' lang='lat' dir='ltr'><strong><em>judicium</em></strong></span> <span class='ocrx_word' id='word_1_22' title='bbox 1486 649 1607 716; x_wconf 82' lang='lat' dir='ltr'><strong><em>deduci.</em></strong></span> 
     </span>
     <span class='ocr_line' id='line_1_4' title="bbox 391 738 1076 826; baseline 0.006 -21"><span class='ocrx_word' id='word_1_23' title='bbox 391 738 422 807; x_wconf 78' lang='lat' dir='ltr'><strong><em>lt.</em></strong></span> <span class='ocrx_word' id='word_1_24' title='bbox 445 741 580 816; x_wconf 88' lang='lat' dir='ltr'><strong><em>Limite,</em></strong></span> <span class='ocrx_word' id='word_1_25' title='bbox 605 745 632 808; x_wconf 85' lang='lat' dir='ltr'><strong><em>si</em></strong></span> <span class='ocrx_word' id='word_1_26' title='bbox 656 753 730 808; x_wconf 78' lang='lat' dir='ltr'><strong><em>creet</em></strong></span> <span class='ocrx_word' id='word_1_27' title='bbox 750 746 877 826; x_wconf 74' lang='lat' dir='ltr'><strong><em>factum</em></strong></span> <span class='ocrx_word' id='word_1_28' title='bbox 899 749 1076 811; x_wconf 82' lang='lat' dir='ltr'><strong><em>mercatori.</em></strong></span> 
     </span>
    </p>
   </div>
   <div class='ocr_carea' id='block_1_4' title="bbox 390 849 1708 935">
    <p class='ocr_par' dir='ltr' id='par_1_4' title="bbox 390 849 1708 935">
     <span class='ocr_line' id='line_1_5' title="bbox 390 849 1708 935; baseline 0.013 -22"><span class='ocrx_word' id='word_1_29' title='bbox 390 849 420 916; x_wconf 84' lang='lat'><strong><em>5.</em></strong></span> <span class='ocrx_word' id='word_1_30' title='bbox 443 850 512 917; x_wconf 76' lang='lat' dir='ltr'><strong><em>Nini</em></strong></span> <span class='ocrx_word' id='word_1_31' title='bbox 535 854 696 933; x_wconf 71' lang='lat' dir='ltr'><strong><em>noandum</em></strong></span> <span class='ocrx_word' id='word_1_32' title='bbox 719 869 741 915; x_wconf 91' lang='lat' dir='ltr'><strong><em>a</em></strong></span> <span class='ocrx_word' id='word_1_33' title='bbox 762 861 934 917; x_wconf 74' lang='lat' dir='ltr'><strong><em>mercatore</em></strong></span> <span class='ocrx_word' id='word_1_34' title='bbox 962 856 1188 935; x_wconf 70' lang='lat' dir='ltr'><strong><em>explicandum</em></strong></span> <span class='ocrx_word' id='word_1_35' title='bbox 1219 859 1394 925; x_wconf 81' lang='lat' dir='ltr'><strong><em>incidenter</em></strong></span> <span class='ocrx_word' id='word_1_36' title='bbox 1424 864 1604 930; x_wconf 69' lang='lat' dir='ltr'><strong><em>traheretur</em></strong></span> <span class='ocrx_word' id='word_1_37' title='bbox 1704 909 1708 918; x_wconf 89' lang='lat'>-</span> 
     </span>
    </p>
   </div>
   <div class='ocr_carea' id='block_1_5' title="bbox 366 960 1607 2886">
    <p class='ocr_par' dir='ltr' id='par_1_5' title="bbox 500 960 730 1041">
     <span class='ocr_line' id='line_1_6' title="bbox 500 960 730 1041; baseline 0 -17"><span class='ocrx_word' id='word_1_38' title='bbox 500 961 542 1024; x_wconf 92' lang='lat' dir='ltr'><strong><em>ad</em></strong></span> <span class='ocrx_word' id='word_1_39' title='bbox 559 960 730 1041; x_wconf 83' lang='lat' dir='ltr'><strong><em>judicium.</em></strong></span> 
     </span>
    </p>

    <p class='ocr_par' dir='ltr' id='par_1_6' title="bbox 389 1065 1601 1242">
     <span class='ocr_line' id='line_1_7' title="bbox 389 1065 1601 1164; baseline 0.012 -34"><span class='ocrx_word' id='word_1_40' title='bbox 389 1065 418 1132; x_wconf 89' lang='grc'><strong>6.</strong></span> <span class='ocrx_word' id='word_1_41' title='bbox 443 1069 648 1133; x_wconf 75' lang='lat' dir='ltr'><strong><em>Praedictum</em></strong></span> <span class='ocrx_word' id='word_1_42' title='bbox 679 1069 869 1135; x_wconf 83' lang='lat' dir='ltr'><strong><em>mandatum</em></strong></span> <span class='ocrx_word' id='word_1_43' title='bbox 900 1071 1133 1154; x_wconf 68' lang='lat' dir='ltr'><strong><em>comprehendit</em></strong></span> <span class='ocrx_word' id='word_1_44' title='bbox 1165 1077 1260 1139; x_wconf 86' lang='lat' dir='ltr'><strong><em>etiam</em></strong></span> <span class='ocrx_word' id='word_1_45' title='bbox 1290 1080 1480 1158; x_wconf 76' lang='lat' dir='ltr'><strong><em>entcraentia</em></strong></span> <span class='ocrx_word' id='word_1_46' title='bbox 1508 1090 1601 1164; x_wconf 76' lang='lat' dir='ltr'><strong><em>arque</em></strong></span> 
     </span>
     <span class='ocr_line' id='line_1_8' title="bbox 502 1178 683 1242; baseline 0.011 -3"><span class='ocrx_word' id='word_1_47' title='bbox 502 1178 683 1242; x_wconf 75' lang='lat' dir='ltr'><strong><em>incidentia.</em></strong></span> 
     </span>
    </p>

    <p class='ocr_par' dir='ltr' id='par_1_7' title="bbox 388 1283 1604 1460">
     <span class='ocr_line' id='line_1_9' title="bbox 388 1283 1604 1376; baseline 0.011 -29"><span class='ocrx_word' id='word_1_48' title='bbox 388 1283 419 1349; x_wconf 87' lang='lat'><strong><em>7.</em></strong></span> <span class='ocrx_word' id='word_1_49' title='bbox 440 1285 582 1367; x_wconf 75' lang='lat' dir='ltr'><strong><em>Intdlioc</em></strong></span> <span class='ocrx_word' id='word_1_50' title='bbox 604 1295 712 1351; x_wconf 89' lang='lat' dir='ltr'><strong><em>tamen</em></strong></span> <span class='ocrx_word' id='word_1_51' title='bbox 734 1295 892 1370; x_wconf 80' lang='lat' dir='ltr'><strong><em>quatenns</em></strong></span> <span class='ocrx_word' id='word_1_52' title='bbox 914 1289 992 1352; x_wconf 81' lang='lat' dir='ltr'><strong><em>naec</em></strong></span> <span class='ocrx_word' id='word_1_53' title='bbox 1013 1291 1122 1353; x_wconf 78' lang='lat' dir='ltr'><strong><em>artenia</em></strong></span> <span class='ocrx_word' id='word_1_54' title='bbox 1144 1292 1207 1355; x_wconf 84' lang='lat' dir='ltr'><strong><em>einr</em></strong></span> <span class='ocrx_word' id='word_1_55' title='bbox 1239 1295 1414 1357; x_wconf 77' lang='lat' dir='ltr'><strong><em>necessaria</em></strong></span> <span class='ocrx_word' id='word_1_56' title='bbox 1437 1295 1482 1358; x_wconf 94' lang='lat' dir='ltr'><strong><em>ad</em></strong></span> <span class='ocrx_word' id='word_1_57' title='bbox 1503 1296 1604 1376; x_wconf 79' lang='lat' dir='ltr'><strong><em>copii-</em></strong></span> 
     </span>
     <span class='ocr_line' id='line_1_10' title="bbox 499 1377 1135 1460; baseline 0.006 -4"><span class='ocrx_word' id='word_1_58' title='bbox 499 1396 653 1458; x_wconf 92' lang='lat' dir='ltr'><strong><em>cationcm</em></strong></span> <span class='ocrx_word' id='word_1_59' title='bbox 677 1405 768 1460; x_wconf 80' lang='lat' dir='ltr'><strong><em>aetus</em></strong></span> <span class='ocrx_word' id='word_1_60' title='bbox 790 1397 945 1460; x_wconf 88' lang='lat' dir='ltr'><strong><em>mandati.</em></strong></span> <span class='ocrx_word' id='word_1_61' title='bbox 1133 1377 1135 1382; x_wconf 48' lang='grc'><strong>’</strong></span> 
     </span>
    </p>

    <p class='ocr_par' dir='ltr' id='par_1_8' title="bbox 388 1501 1607 1677">
     <span class='ocr_line' id='line_1_11' title="bbox 388 1501 1607 1592; baseline 0.006 -27"><span class='ocrx_word' id='word_1_62' title='bbox 388 1501 418 1566; x_wconf 90' lang='lat'><strong><em>8.</em></strong></span> <span class='ocrx_word' id='word_1_63' title='bbox 443 1501 496 1568; x_wconf 89' lang='lat' dir='ltr'><strong><em>Sic</em></strong></span> <span class='ocrx_word' id='word_1_64' title='bbox 522 1505 647 1584; x_wconf 83' lang='lat' dir='ltr'><strong><em>pariter</em></strong></span> <span class='ocrx_word' id='word_1_65' title='bbox 676 1514 845 1569; x_wconf 76' lang='lat' dir='ltr'><strong><em>censentur</em></strong></span> <span class='ocrx_word' id='word_1_66' title='bbox 875 1504 1098 1586; x_wconf 77' lang='lat' dir='ltr'><strong><em>comprehensa</em></strong></span> <span class='ocrx_word' id='word_1_67' title='bbox 1129 1525 1211 1591; x_wconf 84' lang='lat' dir='ltr'><strong><em>quae</em></strong></span> <span class='ocrx_word' id='word_1_68' title='bbox 1232 1509 1269 1571; x_wconf 92' lang='lat' dir='ltr'><strong><em>de</em></strong></span> <span class='ocrx_word' id='word_1_69' title='bbox 1289 1508 1515 1573; x_wconf 77' lang='lat' dir='ltr'><strong><em>consuetudine</em></strong></span> <span class='ocrx_word' id='word_1_70' title='bbox 1536 1510 1607 1592; x_wconf 73' lang='lat' dir='ltr'><strong><em>fieri</em></strong></span> 
     </span>
     <span class='ocr_line' id='line_1_12' title="bbox 498 1612 605 1677; baseline 0.009 -1"><span class='ocrx_word' id='word_1_71' title='bbox 498 1612 605 1677; x_wconf 83' lang='lat' dir='ltr'><strong><em>colem.</em></strong></span> 
     </span>
    </p>

    <p class='ocr_par' dir='ltr' id='par_1_9' title="bbox 387 1719 1148 1803">
     <span class='ocr_line' id='line_1_13' title="bbox 387 1719 1148 1803; baseline 0 -19"><span class='ocrx_word' id='word_1_72' title='bbox 387 1719 417 1784; x_wconf 97' lang='grc'><strong>9.</strong></span> <span class='ocrx_word' id='word_1_73' title='bbox 439 1722 524 1785; x_wconf 83' lang='lat' dir='ltr'><strong><em>Licet</em></strong></span> <span class='ocrx_word' id='word_1_74' title='bbox 545 1722 581 1785; x_wconf 92' lang='lat' dir='ltr'><strong><em>in</em></strong></span> <span class='ocrx_word' id='word_1_75' title='bbox 605 1721 756 1784; x_wconf 90' lang='lat' dir='ltr'><strong><em>mandato</em></strong></span> <span class='ocrx_word' id='word_1_76' title='bbox 780 1740 845 1784; x_wconf 91' lang='lat' dir='ltr'><strong><em>non</em></strong></span> <span class='ocrx_word' id='word_1_77' title='bbox 869 1731 968 1785; x_wconf 79' lang='lat' dir='ltr'><strong><em>estem</em></strong></span> <span class='ocrx_word' id='word_1_78' title='bbox 991 1740 1148 1803; x_wconf 70' lang='lat' dir='ltr'><strong><em>expressa.</em></strong></span> 
     </span>
    </p>

    <p class='ocr_par' dir='ltr' id='par_1_10' title="bbox 369 1828 1364 1913">
     <span class='ocr_line' id='line_1_14' title="bbox 369 1828 1364 1913; baseline 0.004 -22"><span class='ocrx_word' id='word_1_79' title='bbox 369 1828 418 1892; x_wconf 86' lang='lat'><strong><em>10.</em></strong></span> <span class='ocrx_word' id='word_1_80' title='bbox 441 1829 485 1895; x_wconf 81' lang='lat' dir='ltr'><strong><em>Et</em></strong></span> <span class='ocrx_word' id='word_1_81' title='bbox 507 1832 652 1912; x_wconf 84' lang='lat' dir='ltr'><strong><em>quamvis</em></strong></span> <span class='ocrx_word' id='word_1_82' title='bbox 674 1831 710 1893; x_wconf 90' lang='lat' dir='ltr'><strong><em>in</em></strong></span> <span class='ocrx_word' id='word_1_83' title='bbox 733 1829 787 1892; x_wconf 86' lang='lat' dir='ltr'><strong><em>iiio</em></strong></span> <span class='ocrx_word' id='word_1_84' title='bbox 809 1828 926 1894; x_wconf 82' lang='lat' dir='ltr'><strong><em>adeecct</em></strong></span> <span class='ocrx_word' id='word_1_85' title='bbox 948 1831 1059 1913; x_wconf 81' lang='lat' dir='ltr'><strong><em>atiqrra</em></strong></span> <span class='ocrx_word' id='word_1_86' title='bbox 1081 1832 1157 1894; x_wconf 88' lang='lat' dir='ltr'><strong><em>ditio</em></strong></span> <span class='ocrx_word' id='word_1_87' title='bbox 1180 1831 1364 1896; x_wconf 77' lang='lat' dir='ltr'><strong><em>restrictiva.</em></strong></span> 
     </span>
    </p>

    <p class='ocr_par' dir='ltr' id='par_1_11' title="bbox 369 1934 1254 2020">
     <span class='ocr_line' id='line_1_15' title="bbox 369 1934 1254 2020; baseline 0.006 -23"><span class='ocrx_word' id='word_1_88' title='bbox 369 1934 418 1999; x_wconf 87' lang='lat'><strong><em>11.</em></strong></span> <span class='ocrx_word' id='word_1_89' title='bbox 445 1936 537 2014; x_wconf 81' lang='lat' dir='ltr'><strong><em>Quod</em></strong></span> <span class='ocrx_word' id='word_1_90' title='bbox 560 1945 603 2001; x_wconf 85' lang='lat' dir='ltr'><strong><em>cet</em></strong></span> <span class='ocrx_word' id='word_1_91' title='bbox 627 1938 753 2001; x_wconf 77' lang='lat' dir='ltr'><strong><em>reditum</em></strong></span> <span class='ocrx_word' id='word_1_92' title='bbox 773 1939 842 2020; x_wconf 71' lang='lat' dir='ltr'><strong><em>fieri</em></strong></span> <span class='ocrx_word' id='word_1_93' title='bbox 865 1938 998 2002; x_wconf 81' lang='lat' dir='ltr'><strong><em>notetur</em></strong></span> <span class='ocrx_word' id='word_1_94' title='bbox 1016 1955 1078 2019; x_wconf 76' lang='lat' dir='ltr'><strong><em>pro</em></strong></span> <span class='ocrx_word' id='word_1_95' title='bbox 1101 1955 1254 2020; x_wconf 71' lang='lat' dir='ltr'><strong><em>expromo.</em></strong></span> 
     </span>
    </p>

    <p class='ocr_par' dir='ltr' id='par_1_12' title="bbox 369 2043 1507 2128">
     <span class='ocr_line' id='line_1_16' title="bbox 369 2043 1507 2128; baseline 0.004 -22"><span class='ocrx_word' id='word_1_96' title='bbox 369 2043 418 2109; x_wconf 93' lang='grc'><strong>12.</strong></span> <span class='ocrx_word' id='word_1_97' title='bbox 442 2044 581 2110; x_wconf 73' lang='lat' dir='ltr'><strong><em>Etiamsi</em></strong></span> <span class='ocrx_word' id='word_1_98' title='bbox 603 2063 644 2108; x_wconf 81' lang='lat' dir='ltr'><strong><em>ea</em></strong></span> <span class='ocrx_word' id='word_1_99' title='bbox 666 2046 723 2109; x_wconf 85' lang='lat' dir='ltr'><strong><em>tati</em></strong></span> <span class='ocrx_word' id='word_1_100' title='bbox 745 2054 819 2109; x_wconf 89' lang='lat' dir='ltr'><strong><em>actu</em></strong></span> <span class='ocrx_word' id='word_1_101' title='bbox 842 2047 1002 2111; x_wconf 80' lang='lat' dir='ltr'><strong><em>mandans</em></strong></span> <span class='ocrx_word' id='word_1_102' title='bbox 1021 2055 1123 2128; x_wconf 81' lang='lat' dir='ltr'><strong><em>poeect</em></strong></span> <span class='ocrx_word' id='word_1_103' title='bbox 1145 2047 1282 2111; x_wconf 88' lang='lat' dir='ltr'><strong><em>incidere</em></strong></span> <span class='ocrx_word' id='word_1_104' title='bbox 1305 2049 1340 2111; x_wconf 90' lang='lat' dir='ltr'><strong><em>in</em></strong></span> <span class='ocrx_word' id='word_1_105' title='bbox 1362 2065 1507 2128; x_wconf 82' lang='lat' dir='ltr'><strong><em>paenam.</em></strong></span> 
     </span>
    </p>

    <p class='ocr_par' dir='ltr' id='par_1_13' title="bbox 368 2149 1602 2344">
     <span class='ocr_line' id='line_1_17' title="bbox 368 2149 1602 2239; baseline 0.005 -25"><span class='ocrx_word' id='word_1_106' title='bbox 368 2149 419 2217; x_wconf 82' lang='lat'><strong><em>13.</em></strong></span> <span class='ocrx_word' id='word_1_107' title='bbox 440 2151 526 2218; x_wconf 83' lang='lat' dir='ltr'><strong><em>Hinc</em></strong></span> <span class='ocrx_word' id='word_1_108' title='bbox 548 2170 585 2217; x_wconf 90' lang='lat' dir='ltr'><strong><em>ca</em></strong></span> <span class='ocrx_word' id='word_1_109' title='bbox 608 2172 729 2235; x_wconf 81' lang='lat' dir='ltr'><strong><em>quoquc</em></strong></span> <span class='ocrx_word' id='word_1_110' title='bbox 761 2154 1071 2235; x_wconf 72' lang='lat' dir='ltr'><strong><em>comprehenderetur</em></strong></span> <span class='ocrx_word' id='word_1_111' title='bbox 1101 2173 1183 2236; x_wconf 83' lang='lat' dir='ltr'><strong><em>quac</em></strong></span> <span class='ocrx_word' id='word_1_112' title='bbox 1213 2157 1280 2238; x_wconf 80' lang='lat' dir='ltr'><strong><em>ipre</em></strong></span> <span class='ocrx_word' id='word_1_113' title='bbox 1311 2156 1473 2221; x_wconf 77' lang='lat' dir='ltr'><strong><em>mandans</em></strong></span> <span class='ocrx_word' id='word_1_114' title='bbox 1495 2158 1602 2239; x_wconf 74' lang='lat' dir='ltr'><strong><em>facem</em></strong></span> 
     </span>
     <span class='ocr_line' id='line_1_18' title="bbox 498 2261 1246 2344; baseline 0.005 -20"><span class='ocrx_word' id='word_1_115' title='bbox 498 2261 620 2340; x_wconf 76' lang='lat' dir='ltr'><strong><em>reiciat,</em></strong></span> <span class='ocrx_word' id='word_1_116' title='bbox 643 2261 713 2325; x_wconf 87' lang='lat' dir='ltr'><strong><em>iicet</em></strong></span> <span class='ocrx_word' id='word_1_117' title='bbox 735 2262 912 2343; x_wconf 70' lang='lat' dir='ltr'><strong><em>indicerent</em></strong></span> <span class='ocrx_word' id='word_1_118' title='bbox 934 2262 1063 2344; x_wconf 81' lang='lat' dir='ltr'><strong><em>epcciaii</em></strong></span> <span class='ocrx_word' id='word_1_119' title='bbox 1084 2263 1246 2328; x_wconf 90' lang='lat' dir='ltr'><strong><em>mandato.</em></strong></span> 
     </span>
    </p>

    <p class='ocr_par' dir='ltr' id='par_1_14' title="bbox 369 2365 1559 2451">
     <span class='ocr_line' id='line_1_19' title="bbox 369 2365 1559 2451; baseline 0.005 -21"><span class='ocrx_word' id='word_1_120' title='bbox 369 2365 419 2432; x_wconf 79' lang='lat' dir='ltr'><strong><em>1t.</em></strong></span> <span class='ocrx_word' id='word_1_121' title='bbox 440 2367 543 2451; x_wconf 79' lang='lat' dir='ltr'><strong><em>Atque</em></strong></span> <span class='ocrx_word' id='word_1_122' title='bbox 565 2386 602 2433; x_wconf 89' lang='lat' dir='ltr'><strong><em>ca</em></strong></span> <span class='ocrx_word' id='word_1_123' title='bbox 625 2385 709 2450; x_wconf 81' lang='lat' dir='ltr'><strong><em>quac</em></strong></span> <span class='ocrx_word' id='word_1_124' title='bbox 731 2380 808 2436; x_wconf 81' lang='lat' dir='ltr'><strong><em>sunt</em></strong></span> <span class='ocrx_word' id='word_1_125' title='bbox 829 2372 949 2436; x_wconf 82' lang='lat' dir='ltr'><strong><em>eimiiia</em></strong></span> <span class='ocrx_word' id='word_1_126' title='bbox 972 2373 1126 2451; x_wconf 76' lang='lat' dir='ltr'><strong><em>expressio</em></strong></span> <span class='ocrx_word' id='word_1_127' title='bbox 1147 2373 1318 2437; x_wconf 89' lang='lat' dir='ltr'><strong><em>dummodo</em></strong></span> <span class='ocrx_word' id='word_1_128' title='bbox 1340 2375 1403 2439; x_wconf 81' lang='lat' dir='ltr'><strong><em>rint</em></strong></span> <span class='ocrx_word' id='word_1_129' title='bbox 1423 2376 1559 2438; x_wconf 90' lang='lat' dir='ltr'><strong><em>minora.</em></strong></span> 
     </span>
    </p>

    <p class='ocr_par' dir='ltr' id='par_1_15' title="bbox 367 2475 748 2558">
     <span class='ocr_line' id='line_1_20' title="bbox 367 2475 748 2558; baseline 0.008 -19"><span class='ocrx_word' id='word_1_130' title='bbox 367 2475 418 2541; x_wconf 74' lang='lat'><strong><em>15.</em></strong></span> <span class='ocrx_word' id='word_1_131' title='bbox 443 2475 540 2542; x_wconf 83' lang='lat' dir='ltr'><strong><em>Secur</em></strong></span> <span class='ocrx_word' id='word_1_132' title='bbox 562 2479 591 2541; x_wconf 87' lang='lat' dir='ltr'><strong><em>ei</em></strong></span> <span class='ocrx_word' id='word_1_133' title='bbox 610 2477 748 2558; x_wconf 86' lang='lat' dir='ltr'><strong><em>majora.</em></strong></span> 
     </span>
    </p>

    <p class='ocr_par' dir='ltr' id='par_1_16' title="bbox 368 2583 1564 2668">
     <span class='ocr_line' id='line_1_21' title="bbox 368 2583 1564 2668; baseline 0.005 -21"><span class='ocrx_word' id='word_1_134' title='bbox 368 2583 417 2650; x_wconf 86' lang='lat'><strong><em>16.</em></strong></span> <span class='ocrx_word' id='word_1_135' title='bbox 442 2584 546 2650; x_wconf 88' lang='lat' dir='ltr'><strong><em>Sicuti</em></strong></span> <span class='ocrx_word' id='word_1_136' title='bbox 568 2588 662 2650; x_wconf 88' lang='lat' dir='ltr'><strong><em>etiam</em></strong></span> <span class='ocrx_word' id='word_1_137' title='bbox 685 2604 722 2650; x_wconf 90' lang='lat' dir='ltr'><strong><em>co</em></strong></span> <span class='ocrx_word' id='word_1_138' title='bbox 745 2602 826 2668; x_wconf 90' lang='lat' dir='ltr'><strong><em>qnae</em></strong></span> <span class='ocrx_word' id='word_1_139' title='bbox 847 2589 979 2652; x_wconf 86' lang='lat' dir='ltr'><strong><em>veniunt</em></strong></span> <span class='ocrx_word' id='word_1_140' title='bbox 1001 2590 1036 2652; x_wconf 89' lang='lat' dir='ltr'><strong><em>in</em></strong></span> <span class='ocrx_word' id='word_1_141' title='bbox 1058 2590 1273 2652; x_wconf 76' lang='lat' dir='ltr'><strong><em>executionem</em></strong></span> <span class='ocrx_word' id='word_1_142' title='bbox 1294 2598 1386 2653; x_wconf 83' lang='lat' dir='ltr'><strong><em>actuo</em></strong></span> <span class='ocrx_word' id='word_1_143' title='bbox 1408 2590 1564 2655; x_wconf 85' lang='lat' dir='ltr'><strong><em>mandati.</em></strong></span> 
     </span>
    </p>

    <p class='ocr_par' dir='ltr' id='par_1_17' title="bbox 366 2693 1600 2886">
     <span class='ocr_line' id='line_1_22' title="bbox 366 2693 1600 2778; baseline 0.003 -20"><span class='ocrx_word' id='word_1_144' title='bbox 366 2693 417 2759; x_wconf 88' lang='lat'><strong><em>17.</em></strong></span> <span class='ocrx_word' id='word_1_145' title='bbox 439 2694 482 2760; x_wconf 81' lang='lat' dir='ltr'><strong><em>Et</em></strong></span> <span class='ocrx_word' id='word_1_146' title='bbox 506 2712 543 2759; x_wconf 91' lang='lat' dir='ltr'><strong><em>ea</em></strong></span> <span class='ocrx_word' id='word_1_147' title='bbox 567 2712 648 2778; x_wconf 82' lang='lat' dir='ltr'><strong><em>quac</em></strong></span> <span class='ocrx_word' id='word_1_148' title='bbox 669 2696 818 2760; x_wconf 85' lang='lat' dir='ltr'><strong><em>dominae</em></strong></span> <span class='ocrx_word' id='word_1_149' title='bbox 836 2704 939 2777; x_wconf 78' lang='lat' dir='ltr'><strong><em>potest</em></strong></span> <span class='ocrx_word' id='word_1_150' title='bbox 960 2696 1007 2760; x_wconf 86' lang='lat' dir='ltr'><strong><em>oei</em></strong></span> <span class='ocrx_word' id='word_1_151' title='bbox 1029 2696 1065 2760; x_wconf 88' lang='lat' dir='ltr'><strong><em>de</em></strong></span> <span class='ocrx_word' id='word_1_152' title='bbox 1083 2695 1159 2777; x_wconf 87' lang='lat' dir='ltr'><strong><em>jure</em></strong></span> <span class='ocrx_word' id='word_1_153' title='bbox 1181 2705 1241 2760; x_wconf 90' lang='lat' dir='ltr'><strong><em>aut</em></strong></span> <span class='ocrx_word' id='word_1_154' title='bbox 1262 2697 1489 2761; x_wconf 80' lang='lat' dir='ltr'><strong><em>consuetudine</em></strong></span> <span class='ocrx_word' id='word_1_155' title='bbox 1519 2698 1600 2762; x_wconf 84' lang='lat' dir='ltr'><strong><em>teter</em></strong></span> 
     </span>
     <span class='ocr_line' id='line_1_23' title="bbox 496 2804 613 2886; baseline 0.009 -21"><span class='ocrx_word' id='word_1_156' title='bbox 496 2804 613 2886; x_wconf 77' lang='lat' dir='ltr'><strong><em>facere.</em></strong></span> 
     </span>
    </p>
   </div>
   <div class='ocr_carea' id='block_1_6' title="bbox 364 2905 1602 3647">
    <p class='ocr_par' dir='ltr' id='par_1_18' title="bbox 368 2905 1602 3099">
     <span class='ocr_line' id='line_1_24' title="bbox 368 2905 1602 3000; baseline 0.01 -31"><span class='ocrx_word' id='word_1_157' title='bbox 368 2905 416 2971; x_wconf 90' lang='grc'><strong><em>18.</em></strong></span> <span class='ocrx_word' id='word_1_158' title='bbox 440 2908 484 2973; x_wconf 94' lang='lat' dir='ltr'><strong><em>In</em></strong></span> <span class='ocrx_word' id='word_1_159' title='bbox 507 2911 590 2975; x_wconf 92' lang='lat' dir='ltr'><strong><em>dicto</em></strong></span> <span class='ocrx_word' id='word_1_160' title='bbox 613 2920 720 2975; x_wconf 90' lang='lat' dir='ltr'><strong><em>tamen</em></strong></span> <span class='ocrx_word' id='word_1_161' title='bbox 741 2913 882 2992; x_wconf 82' lang='lat' dir='ltr'><strong><em>acneraii</em></strong></span> <span class='ocrx_word' id='word_1_162' title='bbox 896 2932 962 2978; x_wconf 88' lang='lat' dir='ltr'><strong><em>non</em></strong></span> <span class='ocrx_word' id='word_1_163' title='bbox 984 2923 1060 2979; x_wconf 83' lang='lat' dir='ltr'><strong><em>eunt</em></strong></span> <span class='ocrx_word' id='word_1_164' title='bbox 1083 2917 1307 2997; x_wconf 73' lang='lat' dir='ltr'><strong><em>comprehensa</em></strong></span> <span class='ocrx_word' id='word_1_165' title='bbox 1330 2933 1367 2980; x_wconf 91' lang='lat' dir='ltr'><strong><em>ca</em></strong></span> <span class='ocrx_word' id='word_1_166' title='bbox 1391 2934 1473 3000; x_wconf 81' lang='lat' dir='ltr'><strong><em>quae</em></strong></span> <span class='ocrx_word' id='word_1_167' title='bbox 1494 2918 1602 2999; x_wconf 80' lang='lat' dir='ltr'><strong><em>requi-</em></strong></span> 
     </span>
     <span class='ocr_line' id='line_1_25' title="bbox 497 3019 954 3099; baseline 0.009 -18"><span class='ocrx_word' id='word_1_168' title='bbox 497 3027 577 3082; x_wconf 84' lang='lat' dir='ltr'><strong><em>runt</em></strong></span> <span class='ocrx_word' id='word_1_169' title='bbox 599 3019 731 3099; x_wconf 79' lang='lat' dir='ltr'><strong><em>speciale</em></strong></span> <span class='ocrx_word' id='word_1_170' title='bbox 754 3021 954 3085; x_wconf 88' lang='lat' dir='ltr'><strong><em>mandatum.</em></strong></span> 
     </span>
    </p>

    <p class='ocr_par' dir='ltr' id='par_1_19' title="bbox 368 3123 1286 3214">
     <span class='ocr_line' id='line_1_26' title="bbox 368 3123 1286 3214; baseline 0.01 -27"><span class='ocrx_word' id='word_1_171' title='bbox 368 3123 417 3189; x_wconf 93' lang='grc'><strong>19.</strong></span> <span class='ocrx_word' id='word_1_172' title='bbox 443 3125 596 3204; x_wconf 80' lang='lat' dir='ltr'><strong><em>Quamvis</em></strong></span> <span class='ocrx_word' id='word_1_173' title='bbox 617 3129 816 3209; x_wconf 82' lang='lat' dir='ltr'><strong><em>requirerem</em></strong></span> <span class='ocrx_word' id='word_1_174' title='bbox 837 3132 971 3211; x_wconf 78' lang='lat' dir='ltr'><strong><em>speciale</em></strong></span> <span class='ocrx_word' id='word_1_175' title='bbox 993 3133 1183 3196; x_wconf 87' lang='lat' dir='ltr'><strong><em>mandatum</em></strong></span> <span class='ocrx_word' id='word_1_176' title='bbox 1205 3133 1286 3214; x_wconf 68' lang='lat' dir='ltr'><strong><em>ienis.</em></strong></span> 
     </span>
    </p>

    <p class='ocr_par' dir='ltr' id='par_1_20' title="bbox 364 3230 1596 3408">
     <span class='ocr_line' id='line_1_27' title="bbox 364 3230 1596 3322; baseline 0.008 -28"><span class='ocrx_word' id='word_1_177' title='bbox 364 3230 416 3297; x_wconf 82' lang='grc'><strong>29.</strong></span> <span class='ocrx_word' id='word_1_178' title='bbox 440 3233 590 3316; x_wconf 78' lang='lat' dir='ltr'><strong><em>Exceptis</em></strong></span> <span class='ocrx_word' id='word_1_179' title='bbox 611 3235 733 3300; x_wconf 71' lang='lat' dir='ltr'><strong><em>candae</em></strong></span> <span class='ocrx_word' id='word_1_180' title='bbox 754 3238 790 3301; x_wconf 93' lang='lat' dir='ltr'><strong><em>in</em></strong></span> <span class='ocrx_word' id='word_1_181' title='bbox 814 3238 927 3321; x_wconf 82' lang='lat' dir='ltr'><strong><em>quidue</em></strong></span> <span class='ocrx_word' id='word_1_182' title='bbox 959 3240 1090 3321; x_wconf 74' lang='lat' dir='ltr'><strong><em>spanaio</em></strong></span> <span class='ocrx_word' id='word_1_183' title='bbox 1111 3241 1147 3303; x_wconf 92' lang='lat' dir='ltr'><strong><em>in</em></strong></span> <span class='ocrx_word' id='word_1_184' title='bbox 1168 3240 1307 3322; x_wconf 75' lang='lat' dir='ltr'><strong><em>onuraii</em></strong></span> <span class='ocrx_word' id='word_1_185' title='bbox 1327 3239 1480 3305; x_wconf 88' lang='lat' dir='ltr'><strong><em>mandato</em></strong></span> <span class='ocrx_word' id='word_1_186' title='bbox 1499 3240 1596 3304; x_wconf 86' lang='lat' dir='ltr'><strong><em>conti·</em></strong></span> 
     </span>
     <span class='ocr_line' id='line_1_28' title="bbox 497 3351 600 3408; baseline 0.01 -1"><span class='ocrx_word' id='word_1_187' title='bbox 497 3351 600 3408; x_wconf 77' lang='lat' dir='ltr'><strong><em>netur.</em></strong></span> 
     </span>
    </p>

    <p class='ocr_par' dir='ltr' id='par_1_21' title="bbox 365 3446 1599 3647">
     <span class='ocr_line' id='line_1_29' title="bbox 365 3446 1599 3539; baseline 0.007 -29"><span class='ocrx_word' id='word_1_188' title='bbox 365 3446 416 3512; x_wconf 92' lang='grc'><strong>21.</strong></span> <span class='ocrx_word' id='word_1_189' title='bbox 440 3450 640 3516; x_wconf 85' lang='lat' dir='ltr'><strong><em>Procurator</em></strong></span> <span class='ocrx_word' id='word_1_190' title='bbox 660 3453 775 3517; x_wconf 82' lang='lat' dir='ltr'><strong><em>iaoenr</em></strong></span> <span class='ocrx_word' id='word_1_191' title='bbox 796 3454 941 3535; x_wconf 70' lang='lat' dir='ltr'><strong><em>numerale</em></strong></span> <span class='ocrx_word' id='word_1_192' title='bbox 972 3454 1164 3521; x_wconf 88' lang='lat' dir='ltr'><strong><em>mandatum</em></strong></span> <span class='ocrx_word' id='word_1_193' title='bbox 1187 3474 1253 3521; x_wconf 89' lang='lat' dir='ltr'><strong><em>non</em></strong></span> <span class='ocrx_word' id='word_1_194' title='bbox 1273 3463 1374 3539; x_wconf 77' lang='lat' dir='ltr'><strong><em>potent</em></strong></span> <span class='ocrx_word' id='word_1_195' title='bbox 1393 3472 1449 3538; x_wconf 80' lang='lat' dir='ltr'><strong><em>per</em></strong></span> <span class='ocrx_word' id='word_1_196' title='bbox 1470 3455 1599 3519; x_wconf 76' lang='lat' dir='ltr'><strong><em>clausu-</em></strong></span> 
     </span>
     <span class='ocr_line' id='line_1_30' title="bbox 496 3560 1188 3647; baseline 0.007 -24"><span class='ocrx_word' id='word_1_197' title='bbox 496 3560 562 3623; x_wconf 87' lang='lat' dir='ltr'><strong><em>iam</em></strong></span> <span class='ocrx_word' id='word_1_198' title='bbox 582 3562 745 3627; x_wconf 81' lang='lat' dir='ltr'><strong><em>constituti</em></strong></span> <span class='ocrx_word' id='word_1_199' title='bbox 763 3564 986 3642; x_wconf 68' lang='lat' dir='ltr'><strong><em>puteanorum</em></strong></span> <span class='ocrx_word' id='word_1_200' title='bbox 1008 3567 1188 3647; x_wconf 78' lang='lat' dir='ltr'><strong><em>trantserre.</em></strong></span> 
     </span>
    </p>
   </div>
   <div class='ocr_carea' id='block_1_7' title="bbox 364 3661 1473 3971">
    <p class='ocr_par' dir='ltr' id='par_1_22' title="bbox 364 3661 1473 3971">
     <span class='ocr_line' id='line_1_31' title="bbox 364 3661 1473 3751; baseline 0.009 -25"><span class='ocrx_word' id='word_1_201' title='bbox 364 3661 416 3728; x_wconf 87' lang='grc'><strong>22.</strong></span> <span class='ocrx_word' id='word_1_202' title='bbox 440 3665 501 3732; x_wconf 87' lang='lat' dir='ltr'><strong><em>Nec</em></strong></span> <span class='ocrx_word' id='word_1_203' title='bbox 521 3678 624 3748; x_wconf 82' lang='lat' dir='ltr'><strong><em>petere</em></strong></span> <span class='ocrx_word' id='word_1_204' title='bbox 646 3670 802 3733; x_wconf 78' lang='lat' dir='ltr'><strong><em>demotum</em></strong></span> <span class='ocrx_word' id='word_1_205' title='bbox 825 3688 920 3751; x_wconf 79' lang='lat' dir='ltr'><strong><em>super</em></strong></span> <span class='ocrx_word' id='word_1_206' title='bbox 941 3673 1133 3736; x_wconf 87' lang='lat' dir='ltr'><strong><em>alienatione</em></strong></span> <span class='ocrx_word' id='word_1_207' title='bbox 1155 3672 1310 3736; x_wconf 81' lang='lat' dir='ltr'><strong><em>donorum</em></strong></span> <span class='ocrx_word' id='word_1_208' title='bbox 1332 3672 1473 3736; x_wconf 68' lang='lat' dir='ltr'><strong><em>ninom.</em></strong></span> 
     </span>
     <span class='ocr_line' id='line_1_32' title="bbox 364 3772 1344 3864; baseline 0.007 -27"><span class='ocrx_word' id='word_1_209' title='bbox 364 3772 417 3841; x_wconf 80' lang='grc'><strong>29.</strong></span> <span class='ocrx_word' id='word_1_210' title='bbox 440 3775 544 3859; x_wconf 78' lang='lat' dir='ltr'><strong><em>Neque</em></strong></span> <span class='ocrx_word' id='word_1_211' title='bbox 568 3796 605 3842; x_wconf 92' lang='lat' dir='ltr'><strong><em>ea</em></strong></span> <span class='ocrx_word' id='word_1_212' title='bbox 627 3780 749 3859; x_wconf 78' lang='lat' dir='ltr'><strong><em>cepere</em></strong></span> <span class='ocrx_word' id='word_1_213' title='bbox 771 3796 853 3861; x_wconf 79' lang='lat' dir='ltr'><strong><em>qnae</em></strong></span> <span class='ocrx_word' id='word_1_214' title='bbox 871 3798 933 3859; x_wconf 81' lang='lat' dir='ltr'><strong><em>pro</em></strong></span> <span class='ocrx_word' id='word_1_215' title='bbox 955 3783 1063 3861; x_wconf 72' lang='lat' dir='ltr'><strong><em>[orma</em></strong></span> <span class='ocrx_word' id='word_1_216' title='bbox 1085 3790 1160 3846; x_wconf 82' lang='lat' dir='ltr'><strong><em>runt</em></strong></span> <span class='ocrx_word' id='word_1_217' title='bbox 1183 3781 1344 3864; x_wconf 74' lang='lat' dir='ltr'><strong><em>requisita.</em></strong></span> 
     </span>
     <span class='ocr_line' id='line_1_33' title="bbox 365 3882 1061 3971; baseline 0.007 -24"><span class='ocrx_word' id='word_1_218' title='bbox 365 3882 417 3951; x_wconf 70' lang='lat' dir='ltr'><strong><em>2d.</em></strong></span> <span class='ocrx_word' id='word_1_219' title='bbox 441 3884 545 3969; x_wconf 83' lang='lat' dir='ltr'><strong><em>Neque</em></strong></span> <span class='ocrx_word' id='word_1_220' title='bbox 568 3905 605 3951; x_wconf 91' lang='lat' dir='ltr'><strong><em>ea</em></strong></span> <span class='ocrx_word' id='word_1_221' title='bbox 626 3906 708 3971; x_wconf 83' lang='lat' dir='ltr'><strong><em>quae</em></strong></span> <span class='ocrx_word' id='word_1_222' title='bbox 729 3897 805 3952; x_wconf 82' lang='lat' dir='ltr'><strong><em>runt</em></strong></span> <span class='ocrx_word' id='word_1_223' title='bbox 826 3889 1061 3955; x_wconf 74' lang='lat' dir='ltr'><strong><em>conditionalia.</em></strong></span> 
     </span>
    </p>
   </div>
   <div class='ocr_carea' id='block_1_8' title="bbox 229 3993 1075 4078">
    <p class='ocr_par' dir='ltr' id='par_1_23' title="bbox 229 3993 1075 4078">
     <span class='ocr_line' id='line_1_34' title="bbox 229 3993 1075 4078; baseline 0.007 -23"><span class='ocrx_word' id='word_1_224' title='bbox 229 4000 233 4005; x_wconf 78' lang='grc'>’</span> <span class='ocrx_word' id='word_1_225' title='bbox 364 3993 415 4059; x_wconf 83' lang='grc'><strong>25.</strong></span> <span class='ocrx_word' id='word_1_226' title='bbox 438 3995 508 4062; x_wconf 89' lang='lat' dir='ltr'><strong><em>Non</em></strong></span> <span class='ocrx_word' id='word_1_227' title='bbox 528 4005 628 4077; x_wconf 77' lang='lat' dir='ltr'><strong><em>potest</em></strong></span> <span class='ocrx_word' id='word_1_228' title='bbox 650 3996 777 4060; x_wconf 91' lang='lat' dir='ltr'><strong><em>damino</em></strong></span> <span class='ocrx_word' id='word_1_229' title='bbox 799 3998 918 4078; x_wconf 79' lang='lat' dir='ltr'><strong><em>piacita</em></strong></span> <span class='ocrx_word' id='word_1_230' title='bbox 941 4006 1075 4061; x_wconf 88' lang='lat' dir='ltr'><strong><em>mutare.</em></strong></span> 
     </span>
    </p>
   </div>
   <div class='ocr_carea' id='block_1_9' title="bbox 363 4095 1598 4949">
    <p class='ocr_par' dir='ltr' id='par_1_24' title="bbox 364 4095 1113 4170">
     <span class='ocr_line' id='line_1_35' title="bbox 364 4095 1113 4170; baseline 0.005 -4"><span class='ocrx_word' id='word_1_231' title='bbox 364 4102 416 4169; x_wconf 87' lang='grc'><strong><em>26.</em></strong></span> <span class='ocrx_word' id='word_1_232' title='bbox 439 4105 527 4169; x_wconf 86' lang='lat' dir='ltr'><strong><em>Licet</em></strong></span> <span class='ocrx_word' id='word_1_233' title='bbox 543 4095 676 4168; x_wconf 78' lang='lat' dir='ltr'><strong><em>&#39;tatere</em></strong></span> <span class='ocrx_word' id='word_1_234' title='bbox 692 4105 887 4169; x_wconf 66' lang='lat' dir='ltr'><strong><em>‘mandatum</em></strong></span> <span class='ocrx_word' id='word_1_235' title='bbox 910 4122 983 4168; x_wconf 88' lang='lat' dir='ltr'><strong><em>cum</em></strong></span> <span class='ocrx_word' id='word_1_236' title='bbox 1006 4104 1113 4170; x_wconf 84' lang='lat' dir='ltr'><strong><em>libero.</em></strong></span> 
     </span>
    </p>

    <p class='ocr_par' dir='ltr' id='par_1_25' title="bbox 365 4212 1302 4295">
     <span class='ocr_line' id='line_1_36' title="bbox 365 4212 1302 4295; baseline 0.002 -20"><span class='ocrx_word' id='word_1_237' title='bbox 365 4212 416 4276; x_wconf 89' lang='grc'><strong><em>27.</em></strong></span> <span class='ocrx_word' id='word_1_238' title='bbox 439 4213 508 4281; x_wconf 77' lang='lat' dir='ltr'><strong><em>Nisi</em></strong></span> <span class='ocrx_word' id='word_1_239' title='bbox 529 4221 694 4294; x_wconf 67' lang='lat' dir='ltr'><strong><em>emeruerat</em></strong></span> <span class='ocrx_word' id='word_1_240' title='bbox 717 4229 799 4277; x_wconf 82' lang='lat' dir='ltr'><strong><em>noea</em></strong></span> <span class='ocrx_word' id='word_1_241' title='bbox 822 4229 921 4276; x_wconf 81' lang='lat' dir='ltr'><strong><em>caneo</em></strong></span> <span class='ocrx_word' id='word_1_242' title='bbox 942 4230 964 4275; x_wconf 90' lang='lat' dir='ltr'><strong><em>o</em></strong></span> <span class='ocrx_word' id='word_1_243' title='bbox 988 4213 1125 4277; x_wconf 85' lang='lat' dir='ltr'><strong><em>Domino</em></strong></span> <span class='ocrx_word' id='word_1_244' title='bbox 1146 4215 1302 4295; x_wconf 78' lang='lat' dir='ltr'><strong><em>ianorota.</em></strong></span> 
     </span>
    </p>

    <p class='ocr_par' dir='ltr' id='par_1_26' title="bbox 364 4318 1598 4404">
     <span class='ocr_line' id='line_1_37' title="bbox 364 4318 1598 4404; baseline -0.002 -20"><span class='ocrx_word' id='word_1_245' title='bbox 364 4318 415 4385; x_wconf 88' lang='grc'><strong><em>28.</em></strong></span> <span class='ocrx_word' id='word_1_246' title='bbox 438 4322 503 4387; x_wconf 80' lang='lat' dir='ltr'><strong><em>Aut</em></strong></span> <span class='ocrx_word' id='word_1_247' title='bbox 525 4324 590 4387; x_wconf 79' lang='lat' dir='ltr'><strong><em>niti</em></strong></span> <span class='ocrx_word' id='word_1_248' title='bbox 607 4340 666 4404; x_wconf 79' lang='lat' dir='ltr'><strong><em>per</em></strong></span> <span class='ocrx_word' id='word_1_249' title='bbox 687 4324 813 4403; x_wconf 79' lang='lat' dir='ltr'><strong><em>sactum</em></strong></span> <span class='ocrx_word' id='word_1_250' title='bbox 831 4322 1054 4402; x_wconf 77' lang='lat' dir='ltr'><strong><em>procuratorio</em></strong></span> <span class='ocrx_word' id='word_1_251' title='bbox 1067 4320 1151 4403; x_wconf 71' lang='lat' dir='ltr'><strong><em>tieret</em></strong></span> <span class='ocrx_word' id='word_1_252' title='bbox 1166 4321 1286 4385; x_wconf 82' lang='lat' dir='ltr'><strong><em>reditus</em></strong></span> <span class='ocrx_word' id='word_1_253' title='bbox 1300 4320 1343 4384; x_wconf 91' lang='lat' dir='ltr'><strong><em>ad</em></strong></span> <span class='ocrx_word' id='word_1_254' title='bbox 1351 4319 1408 4400; x_wconf 73' lang='lat' dir='ltr'><strong><em>ius</em></strong></span> <span class='ocrx_word' id='word_1_255' title='bbox 1423 4336 1598 4383; x_wconf 82' lang='lat' dir='ltr'><strong><em>cornmune.</em></strong></span> 
     </span>
    </p>

    <p class='ocr_par' dir='ltr' id='par_1_27' title="bbox 364 4428 1598 4621">
     <span class='ocr_line' id='line_1_38' title="bbox 364 4428 1598 4514; baseline -0.003 -21"><span class='ocrx_word' id='word_1_256' title='bbox 364 4428 415 4494; x_wconf 87' lang='grc'><strong>29.</strong></span> <span class='ocrx_word' id='word_1_257' title='bbox 438 4432 508 4499; x_wconf 88' lang='lat' dir='ltr'><strong><em>Non</em></strong></span> <span class='ocrx_word' id='word_1_258' title='bbox 527 4441 627 4514; x_wconf 74' lang='lat' dir='ltr'><strong><em>potem</em></strong></span> <span class='ocrx_word' id='word_1_259' title='bbox 647 4432 773 4514; x_wconf 84' lang='lat' dir='ltr'><strong><em>pariter</em></strong></span> <span class='ocrx_word' id='word_1_260' title='bbox 794 4439 902 4495; x_wconf 82' lang='lat' dir='ltr'><strong><em>actum</em></strong></span> <span class='ocrx_word' id='word_1_261' title='bbox 923 4431 1030 4512; x_wconf 76' lang='lat' dir='ltr'><strong><em>[acere</em></strong></span> <span class='ocrx_word' id='word_1_262' title='bbox 1051 4430 1178 4493; x_wconf 90' lang='lat' dir='ltr'><strong><em>domino</em></strong></span> <span class='ocrx_word' id='word_1_263' title='bbox 1196 4428 1474 4510; x_wconf 75' lang='lat' dir='ltr'><strong><em>praejudicium,</em></strong></span> <span class='ocrx_word' id='word_1_264' title='bbox 1502 4435 1598 4508; x_wconf 81' lang='lat' dir='ltr'><strong><em>atque</em></strong></span> 
     </span>
     <span class='ocr_line' id='line_1_39' title="bbox 489 4541 665 4621; baseline 0.006 -18"><span class='ocrx_word' id='word_1_265' title='bbox 489 4541 665 4621; x_wconf 77' lang='lat' dir='ltr'><strong><em>poenalem.</em></strong></span> 
     </span>
    </p>

    <p class='ocr_par' dir='ltr' id='par_1_28' title="bbox 363 4644 881 4731">
     <span class='ocr_line' id='line_1_40' title="bbox 363 4644 881 4731; baseline 0.002 -20"><span class='ocrx_word' id='word_1_266' title='bbox 363 4644 415 4711; x_wconf 81' lang='lat'><strong><em>30.</em></strong></span> <span class='ocrx_word' id='word_1_267' title='bbox 437 4645 479 4710; x_wconf 91' lang='lat' dir='ltr'><strong><em>Id</em></strong></span> <span class='ocrx_word' id='word_1_268' title='bbox 500 4648 655 4729; x_wconf 79' lang='lat' dir='ltr'><strong><em>qumnodo</em></strong></span> <span class='ocrx_word' id='word_1_269' title='bbox 677 4649 881 4731; x_wconf 76' lang='lat' dir='ltr'><strong><em>inteiiioatnr.</em></strong></span> 
     </span>
    </p>

    <p class='ocr_par' dir='ltr' id='par_1_29' title="bbox 363 4742 1597 4949">
     <span class='ocr_line' id='line_1_41' title="bbox 363 4750 1597 4838; baseline 0.002 -21"><span class='ocrx_word' id='word_1_270' title='bbox 363 4750 415 4817; x_wconf 82' lang='lat'><strong><em>31.</em></strong></span> <span class='ocrx_word' id='word_1_271' title='bbox 439 4752 500 4819; x_wconf 87' lang='lat' dir='ltr'><strong><em>Nec</em></strong></span> <span class='ocrx_word' id='word_1_272' title='bbox 518 4763 619 4834; x_wconf 79' lang='lat' dir='ltr'><strong><em>potent</em></strong></span> <span class='ocrx_word' id='word_1_273' title='bbox 640 4757 778 4838; x_wconf 80' lang='lat' dir='ltr'><strong><em>oiiiaarc</em></strong></span> <span class='ocrx_word' id='word_1_274' title='bbox 798 4757 879 4822; x_wconf 82' lang='lat' dir='ltr'><strong><em>oeno</em></strong></span> <span class='ocrx_word' id='word_1_275' title='bbox 902 4758 1095 4838; x_wconf 72' lang='lat' dir='ltr'><strong><em>mandantis,</em></strong></span> <span class='ocrx_word' id='word_1_276' title='bbox 1117 4760 1187 4824; x_wconf 89' lang='lat' dir='ltr'><strong><em>iicet</em></strong></span> <span class='ocrx_word' id='word_1_277' title='bbox 1210 4760 1249 4825; x_wconf 79' lang='lat' dir='ltr'><strong><em>rit</em></strong></span> <span class='ocrx_word' id='word_1_278' title='bbox 1271 4758 1460 4824; x_wconf 80' lang='lat' dir='ltr'><strong><em>connitatur</em></strong></span> <span class='ocrx_word' id='word_1_279' title='bbox 1478 4770 1597 4836; x_wconf 77' lang='lat' dir='ltr'><strong><em>procu·</em></strong></span> 
     </span>
     <span class='ocr_line' id='line_1_42' title="bbox 494 4864 934 4949; baseline 0.009 -24"><span class='ocrx_word' id='word_1_280' title='bbox 494 4871 584 4926; x_wconf 92' lang='lat' dir='ltr'><strong><em>rator</em></strong></span> <span class='ocrx_word' id='word_1_281' title='bbox 606 4864 648 4927; x_wconf 91' lang='lat' dir='ltr'><strong><em>ad</em></strong></span> <span class='ocrx_word' id='word_1_282' title='bbox 669 4864 886 4931; x_wconf 72' lang='lat' dir='ltr'><strong><em>alienandum.</em></strong></span> <span class='ocrx_word' id='word_1_283' title='bbox 931 4944 934 4949; x_wconf 20' lang='grc' dir='ltr'>Ι</span> 
     </span>
    </p>
   </div>
   <div class='ocr_carea' id='block_1_10' title="bbox 0 0 1872 5750">
    <p class='ocr_par' dir='ltr' id='par_1_30' title="bbox 0 0 1872 5750">
     <span class='ocr_line' id='line_1_43' title="bbox 0 0 1872 5750; baseline 0 0"><span class='ocrx_word' id='word_1_284' title='bbox 0 0 1872 5750; x_wconf 95' lang='lat' dir='ltr'><strong><em> </em></strong></span> 
     </span>
    </p>
   </div>
  </div>
 </body>
</html>
