3734 5750
577 391 632 456 be
651 389 1038 459 succensionibus
1061 393 1149 459 CAP.
1173 397 1215 462 ll.
1557 397 1579 462 9

211 562 246 623 in
261 561 326 624 suis
340 558 557 623 munitos
579 560 770 623 conclusion.
792 558 827 623 in
841 560 886 623 tit.
901 559 936 622 dc
952 561 1094 624 monam.
1108 564 1243 626 conclus.
1259 564 1302 628 32
1318 570 1353 629 in
1366 574 1469 648 princ.
1484 573 1578 651 rotet

214 665 345 729 Floolm
365 664 539 729 Amandolu
561 667 596 729 in
618 667 713 731 aaut.
734 668 777 730 eal
805 667 940 730 Vincunt.
962 668 998 731 do
1022 669 1178 735 Froncbls
1199 673 1261 736 dac.
1287 670 1325 735 17
1350 694 1438 741 nom.
1456 677 1505 744 17.

302 772 352 837 12
375 774 421 838 lta
444 781 482 838 ut
503 775 561 840 Ista
583 775 728 840 mandata
751 775 896 840 differant
917 778 999 841 inter
1020 794 1052 841 se
1074 796 1110 841 ea
1140 781 1341 860 proportibne
1371 798 1432 862 qua
1463 789 1579 866 species

211 884 318 947 affert
338 902 355 947 a
378 900 506 966 genere,
527 889 562 949 et
585 883 781 948 individuum
803 884 909 949 differt
930 903 947 948 a
971 886 1083 967 specie,
1107 890 1144 949 ut
1174 885 1311 953 declarat
1339 888 1377 952 ad
1400 888 1484 953 aliud
1507 906 1582 971 pro'

211 992 351 1075 positum
380 989 472 1055 Bort.
495 993 530 1054 in
553 992 587 1055 L.
612 989 627 1053 1
653 1011 685 1055 o.
707 990 728 1053 7
749 992 780 1074 ff
798 992 834 1055 le
861 994 985 1073 culpor.
1015 1002 1042 1055 et
1070 995 1183 1075 popili.
1212 996 1247 1056 in
1276 998 1412 1059 moterlo
1440 998 1581 1078 emporis

212 1101 454 1175 mirationis,
477 1099 556 1164 dum
576 1099 670 1163 docet
689 1114 770 1180 quae
791 1100 834 1165 sit
854 1100 1037 1167 substitutio
1061 1100 1198 1183 vulgaris
1219 1116 1365 1183 expressa
1387 1103 1489 1168 serbis
1511 1121 1580 1185 spe·

211 1206 355 1284 cialibus,
377 1212 510 1288 atquae
540 1224 685 1288 expressa
715 1208 817 1272 verbis
846 1208 1069 1290 singularibus,
1093 1214 1125 1273 et
1147 1209 1245 1274 refert
1271 1210 1393 1292 &mtto
1417 1211 1525 1275 Odius
1548 1214 1581 1274 ia

214 1325 306 1382 trost.
327 1317 364 1379 ‹le
386 1316 543 1397 compend.
565 1315 718 1379 substitue
737 1326 824 1396 port.
846 1314 867 1376 2
889 1324 1007 1397 quaest.
1030 1313 1051 1378 3
1073 1334 1151 1380 vrrs.
1182 1332 1361 1397 expressam
1393 1319 1488 1398 specio
1526 1318 1581 1399 fol.

213 1423 294 1486 mibi
312 1421 347 1495 9,
370 1427 402 1486 et
425 1422 456 1485 in
479 1423 614 1505 propriis
643 1424 786 1487 termInis
816 1422 955 1489 mandeti
985 1424 1136 1505 applicat,
1160 1425 1207 1488 Jo.
1238 1426 1379 1490 Petrum.
1403 1428 1439 1489 lc
1462 1427 1583 1490 Monte-

214 1531 343 1612 spcrcllo
366 1533 483 1594 consul.
505 1528 571 1595 283
594 1551 625 1596 n.
647 1526 671 1595 l
690 1535 726 1595 in
747 1534 816 1614 fise,
841 1540 868 1595 ct
892 1550 922 1595 n.
946 1522 1003 1614 seq.

306 1633 355 1700 13.
376 1637 458 1716 Quia
481 1643 586 1703 tamen
608 1638 674 1703 DI).
696 1641 796 1704 nostri
817 1640 929 1722 passim
958 1639 1037 1703 banc
1067 1640 1274 1706 differentiam
1298 1643 1379 1707 inter
1403 1644 1582 1708 mandatum

214 1746 344 1827 speclale
366 1763 401 1809 ac
423 1744 620 1811 individuum
642 1764 704 1810 non
727 1748 913 1825 admittunt,
936 1753 975 1813 ut
996 1748 1072 1812 (11οῆ
1088 1748 1183 1813 Burs.
1199 1768 1282 1814 cons
1297 1746 1362 1813 285
1378 1769 1410 1812 n.
1426 1748 1469 1812 25
1484 1750 1532 1814 ls'b.
1548 1747 1582 1826 3,

215 1861 249 1920 et
263 1857 295 1919 in
309 1857 417 1920 wdem
440 1875 513 1921 casu
536 1857 633 1938 aliqui
656 1858 766 1923 dicunt
787 1858 906 1939 requiri
922 1857 1105 1922 mandatum
1121 1857 1264 1940 speciale,
1286 1858 1380 1939 aliqui
1405 1875 1478 1921 vero
1499 1857 1584 1920 affir-

216 1970 303 2030 mant
318 1966 439 2046 requiri
454 1965 637 2029 mandatum
653 1964 849 2029 individuum
865 1969 899 2029 ct
912 1965 1085 2048 singulare,
1107 1969 1140 2029 et
1154 1983 1253 2028 unum
1272 1982 1331 2045 pro
1353 1964 1452 2028 altero
1467 1965 1585 2047 promi·

215 2091 289 2138 scue
304 2079 474 2156 usurpant,
489 2079 528 2139 ut
542 2073 714 2137 videbimus
734 2074 813 2136 inira
836 2091 905 2153 cop.
921 2072 1079 2137 LXVIII
1097 2073 1133 2135 sle
1154 2072 1308 2135 merloto
1329 2072 1458 2152 spaciui
1480 2079 1507 2134 ct
1527 2086 1585 2150 seq.

307 2176 357 2244 ll.
379 2181 453 2245 ldeo
475 2199 532 2246 isos
551 2198 680 2260 quoque
702 2181 733 2244 in
756 2186 823 2245 toto
845 2180 905 2245 lroc
927 2185 1066 2245 tractatu
1089 2181 1265 2262 promiscue
1286 2179 1326 2242 dc
1349 2185 1487 2258 utroque
1508 2196 1584 2260 age·

215 2306 306 2368 mus,
326 2295 360 2355 et
382 2291 441 2354 sub
462 2291 598 2353 termino
619 2288 758 2354 mandati
779 2288 917 2371 specialis
939 2288 1134 2352 individuum
1164 2288 1260 2353 etiam
1286 2286 1585 2368 comprehendemus

216 2398 296 2463 hanc
311 2394 379 2459 DI).
394 2396 602 2460 differentiam
624 2402 785 2476 tamquam
808 2395 963 2458 verbalem
977 2396 1157 2460 reiicientes
1173 2396 1221 2460 llli
1234 2397 1317 2461 eninr
1327 2396 1388 2477 -qui
1403 2393 1585 2459 mandatum

218 2505 413 2571 individuum
436 2508 472 2569 et
492 2504 649 2587 singulare
679 2503 790 2567 dicunt
819 2503 944 2567 differre
965 2521 983 2566 a
1006 2503 1142 2583 speciali,
1162 2502 1279 2565 nullam
1302 2503 1394 2566 aliam
1415 2500 1587 2582 specificam

216 2611 424 2676 differentiam
448 2610 643 2675 considerant
666 2629 761 2692 quam
783 2611 867 2692 quod
893 2612 924 2674 in
953 2611 1106 2692 singulari
1134 2616 1167 2674 et
1198 2611 1228 2672 in
1258 2611 1418 2674 individuo
1439 2611 1588 2690 majorem

218 2721 415 2806 specialitatis
435 2720 731 2784 denomtrationenr
753 2725 786 2782 et
806 2718 1037 2799 expressionem
1053 2718 1222 2796 requirunt
1236 2734 1332 2796 quam
1347 2717 1379 2779 in
1392 2715 1531 2797 speciali,
1553 2718 1589 2776 ut

218 2830 303 2895 dicto
325 2846 393 2910 cop.
417 2826 574 2894 LXVIII
592 2826 832 2904 declaravimus
853 2825 936 2889 unde
967 2823 1076 2907 regula
1101 2824 1239 2907 vulgaris
1260 2824 1364 2888 locum
1389 2824 1485 2890 babet
1504 2821 1588 2903 quod

219 2939 290 3022 plus
310 2944 342 3004 et
363 2939 467 3002 minus
489 2956 550 3000 non
572 2937 646 3000 iacit
664 2935 742 3015 quid
765 2934 890 2998 dillerre
913 2933 1028 3014 specie,
1055 2933 1086 2996 I.
1107 2934 1159 3014 fis.
1177 2933 1208 3013 ll
1225 2932 1262 2993 da
1282 2931 1375 3010 fund.
1398 2933 1544 2994 inurunt.

311 3047 359 3112 15.
383 3048 567 3112 Mandatum
591 3046 696 3125 itaque
726 3049 772 3108 est
803 3041 946 3125 generale
977 3041 1022 3104 sel
1045 3040 1190 3122 speciale,
1212 3056 1293 3118 quae
1317 3038 1399 3102 inter
1421 3057 1453 3103 se
1476 3038 1507 3101 in
1528 3036 1588 3099 hoa

219 3157 421 3234 conveniunt,
443 3154 528 3235 quod
559 3152 700 3235 generale
733 3152 774 3214 ita
806 3153 956 3232 operatur
986 3148 1068 3210 circe
1098 3165 1133 3209 aa
1163 3163 1244 3225 quae
1275 3144 1307 3207 in
1331 3145 1382 3207 illo
1405 3150 1480 3210 suut
1501 3160 1588 3206 com-

221 3268 384 3352 prehensa,
405 3263 487 3328 sicut
518 3267 668 3344 operatur
699 3257 828 3341 speciale
857 3255 960 3337 quoad
984 3273 1019 3317 ea
1042 3271 1123 3334 quae
1153 3251 1326 3334 specialiter
1355 3256 1430 3314 sunt
1459 3251 1491 3312 in
1514 3267 1587 3331 pro

219 3374 379 3439 curatoria
392 3388 554 3453 expressa,
576 3368 764 3433 Alexander.
786 3385 868 3429 cons.
892 3361 955 3427 133
978 3383 1012 3431 a.
1033 3359 1054 3424 3
1075 3361 1122 3425 b‘b.
1145 3358 1180 3434 6,
1208 3359 1350 3425 Omeros
1372 3378 1454 3423 coru.
1478 3358 1538 3421 111
1558 3378 1588 3420 o.

194 3561 200 3570 ¹
222 3480 243 3544 6
264 3500 340 3545 ocra
363 3489 391 3543 ot
414 3479 523 3560 rapoto
546 3487 589 3542 est
610 3477 658 3540 lib.
682 3473 712 3551 3,
740 3474 936 3555 Scrople'nus
958 3473 993 3534 dr
1021 3472 1124 3551 priori.
1141 3468 1265 3549 joram.
1294 3469 1394 3548 priori
1420 3466 1479 3530 111
1505 3489 1535 3552 q.
1555 3467 1587 3540 1,

223 3592 438 3656 Anaboronus
460 3606 543 3652 cons.
566 3583 588 3650 3
610 3605 641 3649 o.
665 3582 694 3648 3.

314 3697 363 3762 16.
385 3699 509 3763 Rursus
539 3696 721 3760 mandatum
756 3693 843 3773 quod
874 3693 958 3756 lita
997 3688 1240 3772 particularibus
1275 3684 1415 3768 persoms
1450 3687 1506 3746 aut
1542 3683 1589 3742 est

221 3823 416 3889 expressum,
439 3809 496 3869 aut
519 3805 662 3880 tacitum,
683 3806 741 3865 aut
763 3805 1018 3883 praesumptum
1039 3798 1078 3861 de
1100 3796 1231 3879 ungulis
1251 3793 1438 3875 supradictis
1453 3788 1589 3855 mandati

223 3916 381 3997 speciebus
409 3919 458 3978 est
487 3915 593 3994 aliquo
621 3911 730 3976 ordine
760 3907 1033 3992 pertractandum:
1071 3905 1171 3978 unde,
1207 3903 1327 3984 primo,
1363 3897 1588 3981 explicabimus

221 4022 380 4102 quomodo
402 4022 632 4097 constituatur,
655 4037 723 4099 cop.
749 4015 875 4080 XVIII
881 4040 890 4094 3
911 4015 1040 4090 deinde,
1054 4014 1125 4093 quis
1138 4012 1237 4093 possit
1251 4012 1494 4074 Procuratorem
1516 4022 1590 4068 con-

222 4131 375 4207 stituere,
396 4148 465 4211 ccp.
490 4128 572 4206 IIII3
594 4146 669 4191 mox
691 4126 746 4206 qui
768 4125 888 4206 possint
903 4125 1128 4187 Procuratores
1142 4116 1310 4192 constitui,
1325 4133 1393 4193 cop.
1413 4111 1537 4190 XXII3
1558 4115 1591 4174 et

222 4240 410 4314 successive,
431 4255 471 4301 an
494 4237 567 4317 quis
585 4236 656 4318 cogi
688 4234 784 4316 possit
805 4238 843 4298 ut
865 4231 1038 4296 constituat
1059 4230 1319 4300 Procuratorem,
1350 4239 1417 4302 cop.
1446 4219 1590 4297 XXIII,

222 4352 274 4422 et,
296 4346 409 4410 ultimo
431 4345 513 4422 loco,
535 4362 574 4407 an
596 4342 667 4424 quIs
688 4342 760 4425 cogi
782 4341 879 4424 possit
907 4344 946 4404 ut
974 4337 1111 4400 officium
1141 4332 1359 4401 Procuratoris
1387 4330 1535 4416 srrscipiat
1557 4335 1590 4392 et

224 4457 385 4529 exerceat,
407 4471 474 4532 cop.
502 4450 625 4515 XXIV.

316 4556 366 4623 17.
387 4558 509 4637 Quibus
537 4558 709 4642 explicitis,
741 4557 976 4623 sermo=·nobis=
1004 4558 1066 4620 erit
1102 4554 1388 4617 desrProcunutore
1419 4549 1458 4611 ad
1488 4545 1590 4616 Lites,

225 4688 294 4750 cop.
320 4667 483 4733 XXXIII
490 4689 499 4747 ς
521 4673 554 4733 et
575 4667 728 4750 capitibus
751 4664 952 4745 sequentibus
971 4662 1197 4746 explicabimus
1215 4674 1251 4720 ee
1273 4674 1354 4738 quae
1375 4654 1592 4718 adtProeura-

226 4787 327 4844 torem
351 4776 390 4841 ad
405 4777 502 4856 litem,
517 4784 582 4842 tam
605 4775 788 4859 generalem,
811 4790 905 4852 quam
927 4770 1090 4853 specialem
1101 4789 1113 4841 ,·-
1131 4772 1197 4831 tam
1210 4769 1356 4846 expresse
1370 4760 1591 4830 constitutum,

227 4900 320 4962 quam
345 4885 439 4949 tacito
460 4889 494 4951 et
516 4884 754 4966 praesumptive,
775 4885 914 4963 spectare
935 4879 1143 4943 ridebuntur.¹
1203 4909 1207 4924 ·
1276 4881 1279 4896 ¹

1351 4979 1371 5040 2
