3734 5750
500 368 557 436 DE
582 357 1267 437 rnocbuadoulbbs.cnr.xxxvt1.
1502 377 1562 443 sot

201 566 219 605 a
241 543 326 608 sione
346 542 387 608 sit
408 540 588 622 deputatus,
610 536 713 602 adbuc
735 542 841 602 tamen
863 555 937 602 curn
959 555 996 602 eo
1018 556 1134 602 novum
1165 556 1201 603 ac
1232 541 1390 607 diversum
1410 547 1564 628 judicium

200 674 218 712 a
243 649 382 715 inchoari
403 652 437 714 et
458 646 605 729 prosequi
628 651 749 729 potest,
771 643 866 711 Cervi
890 644 938 709 De
962 644 1039 708 Luc.
1061 645 1098 708 de
1114 644 1247 723 judiciis
1269 647 1385 712 diocli
1408 670 1439 716 o.
1463 652 1514 719 20.

286 779 305 819 a
330 758 468 838 ideoque
492 753 674 838 imprudens
693 752 857 818 consilium
879 757 938 833 est,
958 758 996 818 ut
1018 753 1060 817 illi
1082 754 1153 833 qui,
1174 756 1293 820 evocati
1315 757 1355 821 ad
1376 761 1497 826 curiam
1512 783 1567 829 oe-

200 889 218 927 a
240 868 361 933 casiorm
383 865 514 947 alicujus
535 880 646 928 causae
667 861 882 944 particularis,
903 880 963 945 pro
984 880 1095 929 eorum
1127 862 1304 928 defensione
1326 876 1565 949 procuratorem

198 998 216 1038 a
240 978 394 1059 deputare
416 977 593 1058 coguntur,
607 971 841 1054 deputationem
858 970 1034 1054 generalem
1048 970 1162 1035 iaciant
1177 971 1260 1035 nulla
1275 973 1423 1057 exigente
1437 983 1567 1044 necessi-

198 1108 217 1147 «
241 1091 317 1167 tate,
337 1104 412 1151 cum
432 1083 566 1149 sufficiat
586 1080 749 1162 deputatio
770 1097 828 1162 pro
860 1079 910 1143 illa
942 1097 1034 1144 eausa
1066 1079 1266 1161 particulari;
1288 1083 1371 1146 unde
1401 1092 1564 1168 propterca

196 1217 218 1257 <a
239 1196 273 1259 in
296 1193 549 1278 deputationibus
569 1189 767 1273 generalibus
788 1188 928 1253 adbiberi
951 1188 1030 1254 solet
1051 1188 1181 1267 cautem,
1205 1189 1270 1255 ilias
1296 1194 1504 1278 restringendi
1526 1200 1566 1263 ad

198 1328 217 1365 a
242 1322 351 1371 causas
370 1305 484 1369 activas
506 1305 640 1377 tantum,
662 1315 723 1362 non
746 1302 854 1362 autem
878 1297 917 1361 ad
940 1298 1088 1380 passivas,
1110 1296 1205 1364 Cerci.
1221 1299 1269 1363 Dc
1286 1300 1361 1365 Luc.
1382 1301 1418 1365 de
1434 1302 1566 1383 judiciis

197 1437 216 1477 u
242 1415 331 1481 decis.
352 1412 373 1477 9
396 1432 427 1476 tr.
449 1406 501 1473 21.

288 1518 337 1585 11.
359 1523 583 1600 Praeterquam
606 1517 731 1597 quando
761 1515 870 1599 agitur
891 1517 931 1580 de
953 1515 1093 1579 censuris
1117 1515 1165 1579 vel
1187 1517 1227 1580 de
1249 1534 1347 1598 poena
1370 1518 1567 1600 privationis,

190 1632 309 1714 quibus
328 1630 449 1696 casibus
468 1626 622 1710 judicium
645 1642 710 1690 esse
734 1623 920 1688 initiandum
944 1640 1018 1687 cum
1041 1622 1215 1705 principaii,
1229 1629 1263 1687 et
1278 1641 1340 1687 nou
1354 1640 1427 1688 cum
1450 1642 1565 1706 procu-

193 1742 300 1803 ratore
320 1736 404 1801 dixit
427 1735 498 1801 Ilot.
520 1735 549 1798 d.
569 1734 658 1797 decis.
687 1730 730 1794 to
752 1733 789 1796 dc
811 1731 870 1796 dol.
892 1740 920 1795 ct
942 1740 1081 1795 coelam.
1104 1732 1139 1794 in
1162 1732 1279 1813 antiq„
1299 1741 1341 1795 -et
1373 1732 1504 1797 Meotic.
1537 1734 1565 1795 d.

189 1862 222 1909 n.
244 1839 286 1922 8,
308 1843 364 1909 ubi
386 1842 438 1907 alii
459 1841 644 1924 allegantur.

282 1948 332 2014 12
353 1948 386 2014 Si
409 1950 480 2030 quis
501 1953 608 2014 autem
630 1949 705 2015 velit
724 1948 870 2032 amplecti
901 1948 1122 2014 limitationem
1145 1948 1249 2025 iilam,
1278 1948 1428 2014 debemus
1450 1950 1563 2016 intelli-

187 2075 268 2142 gere
288 2062 322 2123 et
343 2056 502 2121 declarare
532 2061 569 2120 ut
592 2056 739 2138 procedat
762 2075 824 2121 non
845 2075 887 2122 ex
909 2059 1093 2123 necessitate
1115 2059 1284 2125 validitatis
1302 2058 1411 2139 iudicii
1434 2065 1467 2124 et
1489 2079 1563 2143 pro

186 2184 305 2241 cessus,
328 2164 380 2230 sed
403 2163 615 2247 amplectendo
638 2164 790 2228 tutiorem
810 2168 845 2228 et
865 2164 1058 2228 securiorem
1089 2165 1278 2246 practicam,
1301 2183 1398 2246 quam
1421 2164 1513 2230 Bort.
1532 2176 1560 2230 ct

186 2273 265 2338 DD.
288 2270 455 2338 consulunt
476 2273 512 2335 in
533 2272 562 2334 d.
586 2270 622 2332 L.
645 2288 717 2333 eom
738 2272 794 2352 poi
817 2270 881 2333 cod.
903 2270 940 2334 de
960 2289 1090 2351 procer.
1113 2276 1146 2337 et
1168 2273 1219 2337 alii
1242 2291 1338 2355 supra
1359 2274 1494 2357 allegati.

281 2377 331 2444 13.
354 2380 397 2444 Et
417 2396 455 2443 eo
477 2395 550 2442 casu
573 2378 719 2442 limitatio
748 2378 810 2441 erit
841 2377 1016 2459 recipienda
1039 2383 1073 2442 et
1094 2377 1219 2444 babebit
1245 2382 1348 2445 locum
1375 2400 1438 2446 non
1459 2383 1560 2448 solum

186 2485 314 2567 quando
336 2485 514 2568 principalis
533 2490 583 2552 est
604 2503 749 2567 praesem
771 2487 805 2550 iu
827 2485 895 2550 ioco
917 2487 983 2568 ipso
999 2486 1109 2566 inquo
1130 2486 1282 2569 judicium
1305 2490 1490 2572 agitandum
1505 2498 1560 2569 cst,

186 2595 232 2662 vel
256 2611 364 2677 prope,
386 2593 556 2660 sedetiam
589 2594 713 2675 quaudo
745 2592 833 2658 adest
855 2593 887 2656 in
908 2594 1082 2671 comitatu,
1105 2611 1178 2658 nam
1202 2600 1277 2658 tunc
1300 2596 1418 2660 dicitur
1439 2614 1505 2663 esse
1528 2599 1558 2662 in

186 2704 255 2768 loco
275 2702 395 2786 judicii,
419 2702 587 2767 limacem
609 2719 692 2765 coos.
715 2695 782 2765 151
804 2719 835 2764 o.
857 2697 878 2763 6
900 2709 928 2764 et
950 2699 982 2777 7,
1005 2700 1079 2765 Aba.
1101 2719 1184 2765 coras.
1205 2697 1249 2763 13
1272 2721 1304 2766 n.
1326 2697 1347 2765 3
1370 2701 1419 2766 iil.
1442 2700 1473 2781 2,
1496 2702 1561 2767 Im-

184 2809 289 2875 descb.
309 2809 339 2874 d.
359 2826 443 2875 cons.
467 2806 509 2871 15
531 2828 563 2875 o.
587 2807 608 2871 5
631 2810 680 2874 lib.
705 2805 738 2887 1,
763 2805 909 2874 Gratiae.
931 2808 1021 2873 decis.
1043 2807 1167 2873 Marcis.
1190 2806 1254 2874 151
1275 2829 1308 2875 n.
1329 2807 1361 2876 1.

278 2913 328 2981 11.
349 2917 408 2982 Vel
429 2918 554 2999 quando
569 2922 693 2982 certum
708 2922 756 2983 est
770 2917 802 2981 in
817 2934 881 2998 quo
896 2917 964 2981 loco
980 2918 1159 2999 reperiatur
1173 2918 1238 2999 ipse
1253 2920 1450 3002 principalis,
1464 2927 1498 2987 et
1513 2923 1558 2987 lo

186 3042 243 3091 cus
259 3024 309 3089 ibe
329 3044 391 3090 nou
412 3030 460 3091 est
482 3026 570 3091 valde
592 3030 732 3092 remotus
746 3044 763 3089 a
779 3024 847 3089 ioco
859 3024 987 3107 judicii,
1003 3025 1046 3090 ita
1062 3029 1101 3090 ut
1115 3024 1206 3089 citari
1221 3027 1390 3091 commode·
1407 3030 1503 3110 possit
1524 3037 1558 3097 et

184 3134 295 3200 citatio
315 3154 378 3200 nou
398 3136 440 3201 sit
461 3135 630 3200 admodum
653 3134 794 3211 difficilis,
816 3138 855 3197 ut
876 3132 1014 3198 declarat
1034 3133 1185 3198 Iadcrcb.
1200 3135 1229 3196 d.
1243 3151 1326 3199 cons.
1344 3133 1385 3198 15
1401 3156 1432 3200 η.
1446 3134 1468 3199 3
1483 3147 1511 3203 et
1526 3133 1556 3201 1.

276 3241 327 3308 15.
342 3243 540 3311 sublimitati
562 3243 658 3308 etiam
681 3241 773 3306 debet
794 3246 833 3306 ut
854 3258 916 3304 non
938 3240 1101 3323 procedat,
1122 3239 1246 3320 quando
1267 3240 1357 3306 iactis
1378 3242 1556 3327 diligentiis,

187 3352 251 3435 ipse
274 3351 452 3434 principalis
473 3369 535 3415 non
558 3350 619 3416 init
641 3355 796 3433 repertus,
826 3347 913 3411 Vont.
935 3347 972 3410 dc
996 3350 1100 3412 nollit.
1122 3350 1157 3411 in
1180 3350 1226 3413 tit.
1248 3348 1285 3412 dc
1315 3351 1418 3423 nollit.
1440 3369 1481 3416 cc
1502 3352 1555 3416 de-

184 3458 253 3539 sect.
276 3459 361 3523 citat.
383 3476 415 3522 n.
437 3454 489 3523 81.

277 3562 326 3629 15.
347 3566 451 3646 Alias,
465 3585 526 3632 non
550 3567 638 3633 iactis
658 3569 829 3652 diligentiis
851 3572 883 3632 et
905 3566 1017 3632 omissa
1038 3565 1121 3632 dicta
1144 3568 1385 3649 perquisitione,
1397 3568 1550 3651 judicium

185 3688 260 3736 cum
282 3678 486 3756 procuratore
508 3675 669 3742 initiatum
691 3694 756 3742 esse
774 3675 897 3740 nulium
912 3673 1083 3740 detendunt
1107 3674 1400 3742 moerebamus.
1417 3673 1552 3757 tons,

182 3788 212 3844 ct
234 3775 381 3846 Grctioo
403 3782 431 3847 d
453 3784 543 3847 decis.
565 3783 687 3849 March.
712 3779 776 3847 151
798 3803 829 3848 o.
852 3781 881 3846 5.

274 3888 325 3955 17.
346 3896 453 3974 Amne
476 3892 549 3957 binc
568 3894 759 3976 jmtincatur
780 3892 941 3975 dispositio
962 3893 1074 3959 statuti
1096 3892 1250 3971 Perusini,
1271 3893 1321 3958 lib.
1344 3890 1365 3953 2
1387 3892 1474 3956 rubr.
1496 3889 1549 3969 26,

185 4002 214 4065 in
236 4019 303 4082 quo
332 4000 427 4067 datur
449 4001 549 4067 iorrna
571 4001 759 4086 procedendi
780 4006 890 4067 contra
911 4019 966 4067 eos
986 4002 1074 4081 qnia
1097 4001 1224 4065 civitate
1246 4018 1278 4064 se
1299 4000 1548 4063 absentaverunt.

273 4105 324 4173 18.
345 4109 532 4176 Declaratur
552 4115 660 4175 autem
690 4108 868 4192 principalis
897 4110 1074 4188 conclusio,
1100 4109 1185 4189 quod
1206 4108 1360 4190 judicium
1382 4107 1480 4191 possit
1502 4108 1548 4171 in-

183 4217 289 4284 choari
313 4236 386 4284 curn
409 4225 623 4302 procuratore,
644 4218 758 4302 primo,
772 4223 810 4282 ut
824 4218 866 4282 sit
881 4235 964 4293 vera,
988 4217 1160 4282 dummodo
1183 4220 1370 4298 procurator
1385 4214 1427 4279 sit
1441 4221 1547 4280 certus

181 4328 214 4389 et
232 4327 444 4409 acceptaverit
465 4327 656 4405 mandatum,
679 4326 753 4391 alins
774 4342 871 4406 oecus,
895 4326 1045 4391 Ladercb.
1066 4326 1095 4390 d.
1117 4342 1200 4389 coos.
1226 4320 1266 4386 15
1288 4342 1320 4388 o.
1334 4322 1367 4403 7,
1388 4328 1421 4388 et
1442 4323 1544 4388 eonie

184 4436 257 4496 runt
280 4431 363 4499 dicta
386 4450 444 4516 per,
464 4453 520 4498 nos
541 4452 644 4517 supra.

270 4535 322 4602 19.
344 4539 501 4621 Secundo,
515 4540 686 4607 dummodo
706 4541 859 4626 judicium
881 4543 923 4608 sit
945 4541 1143 4607 tractandum
1159 4541 1191 4604 in
1210 4540 1278 4605 loco
1300 4541 1354 4607 ubi
1369 4543 1545 4626 principalis

185 4650 285 4725 potest
306 4648 483 4727 conveniri,
505 4649 580 4715 alias
602 4669 663 4714 uon
684 4654 786 4733 potest
807 4652 838 4715 in
860 4651 945 4717 dicto
967 4650 1035 4716 loco
1061 4651 1151 4716 citari
1181 4655 1368 4734 procurator
1398 4653 1457 4718 nisi
1488 4653 1544 4718 ba-

185 4753 252 4820 beat
273 4756 405 4839 speciale
427 4757 609 4823 mandatum
632 4759 671 4822 ad
692 4758 806 4824 dictam
831 4759 1132 4838 consummataest.
1153 4760 1182 4822 d
1203 4773 1285 4824 cons.
1309 4757 1350 4823 15
1368 4779 1399 4825 n.
1413 4758 1444 4839 6,
1460 4758 1543 4825 Gro-

183 4862 258 4929 tiore
280 4866 309 4929 d.
330 4866 419 4930 decis.
436 4862 500 4930 151
514 4886 546 4931 n.
561 4865 592 4947 8,
607 4865 700 4933 Bold.
721 4885 804 4931 cons
828 4864 892 4930 157
914 4885 947 4931 e.
962 4864 983 4927 2
998 4875 1025 4933 ct
1041 4885 1100 4951 seq.
1114 4867 1163 4932 lib.
1178 4865 1208 4947 3,
1224 4866 1365 4932 Mcoocb.
1379 4884 1463 4931 cons.
1476 4860 1542 4929 715

1303 4967 1346 5035 25
