3734 5750
518 345 573 414 DE
598 343 983 414 rauedaatualous„
1006 348 1094 413 Cal).
1118 349 1244 415 txvrr.
1410 393 1413 402 -
1499 346 1562 412 347

197 526 379 607 procumtor
403 518 617 602 praejudicare
648 517 825 596 mandanti,
848 518 1059 582 renuntiando
1079 519 1202 600 juribus
1225 518 1269 581 illi
1296 520 1563 599 competentibus,

196 631 284 696 11111.
304 630 341 692 in
363 628 398 692 1
421 628 461 691 ab
489 634 656 690 caecatam
676 622 766 710 §fin
782 627 818 689 ia
832 625 927 707 fimjj
938 625 975 686 da
990 627 1155 706 appellat,
1179 627 1386 690 Murcodrua.
1409 644 1492 689 cons.
1515 622 1560 689 42

196 738 456 912 Μ’,1414411011
476 845 571 909 etiam
595 840 805 906 renunciaudo
834 858 982 923 expresse
1012 842 1211 926 appellationi
1241 843 1337 907 etiam
1360 761 1427 923 ¹per
1449 843 1564 903 semet·

194 959 294 1039 ipsum
327 955 546 1036 interpositae,
578 950 614 1015 L.
646 958 756 1014 contm
772 949 860 1030 juris
882 946 906 1033 S
927 952 990 1032 sin.
1008 951 1040 1032 ff
1057 951 1213 1033 depact,
1248 950 1352 1015 Poris.
1383 952 1454 1030 post
1484 945 1560 1010 alios

62 1069 65 1078 ¹
192 1079 276 1125 cous.
299 1057 364 1124 1118
387 1080 419 1125 a.
441 1057 462 1123 8
485 1060 534 1124 tlt.
558 1056 586 1122 1.

283 1166 333 1231 15.
353 1170 545 1232 Procurator
567 1164 712 1229 similiter
735 1164 862 1230 domino
884 1166 1008 1230 nullum
1030 1166 1257 1249 praejudicium
1272 1168 1365 1233 affert
1386 1169 1411 1233 si
1434 1183 1561 1248 compa-

192 1282 261 1342 reat
283 1294 342 1360 pro
362 1277 413 1341 illo
436 1280 596 1355 mmquam
619 1271 753 1337 haerede
775 1273 916 1355 alieuJus,
938 1291 1011 1337 nam
1032 1292 1094 1338 non
1110 1282 1276 1357 propterea
1291 1276 1456 1340 constituit
1472 1273 1562 1338 illum

192 1385 371 1459 haeredem,
396 1382 491 1449 Cora.
516 1400 599 1446 amos.
622 1376 687 1444 aie
709 1400 741 1445 o.
763 1377 785 1444 8
808 1382 857 1445 111.
882 1379 910 1445 1.
934 1381 1012 1446 Nam
1036 1383 1207 1448 absurdum
1222 1389 1313 1457 esset,
1329 1383 1414 1463 quod
1437 1399 1479 1446 ex
1501 1381 1564 1445 hu·

188 1492 326 1573 jusmodi
348 1489 574 1573 competitione
595 1489 745 1554 mandans
764 1495 943 1555 remaneret
974 1490 1129 1575 obligatus
1151 1491 1360 1556 creditoribus
1386 1489 1563 1554 haeredita-

190 1601 256 1681 riis,
279 1604 317 1665 ut
337 1599 513 1665 considerat
534 1597 668 1662 Bursot.
690 1615 772 1661 cona
793 1591 860 1662 443
882 1617 915 1662 a.
938 1594 960 1661 8
984 1599 1032 1663 111.
1054 1594 1085 1662 4.

281 1729 299 1768 a
323 1707 528 1773 Procuratori
551 1706 704 1770 destituto
726 1705 850 1787 speciali
872 1707 1020 1771 mandato
1051 1723 1205 1789 procurae
1237 1705 1417 1771 nullomodo
1441 1703 1563 1778 licitum

191 1837 209 1875 a
233 1821 268 1881 et
289 1817 477 1897 permissum
501 1831 569 1878 esse
590 1817 721 1892 constat,
743 1817 781 1877 ut
803 1815 835 1877 in
857 1815 1085 1881 committendo
1107 1816 1205 1899 possit
1227 1814 1390 1896 principali
1412 1813 1564 1877 damnum

188 1946 206 1984 c
232 1925 387 2008 irrogare,
408 1928 442 1988 et
463 1922 630 2004 praecipue
653 1923 685 1985 in
707 1922 839 1987 materia
869 1922 1017 1988 editionis
1047 1922 1259 2000 haereditatis,
1279 1921 1428 1986 eumdem
1450 1920 1561 1984 haere-

186 2053 204 2090 «
228 2031 304 2096 dem
328 2031 500 2112 simplicem
523 2029 740 2110 canonicando,
764 2030 836 2096 Ilot.
858 2049 922 2095 cor.
946 2030 1061 2113 Crispo
1085 2032 1174 2096 decis.
1200 2030 1264 2096 103
1287 2050 1319 2095 a.
1341 2029 1363 2094 9
1385 2040 1458 2093 tom.
1484 2027 1511 2091 1.

281 2134 330 2200 16.
352 2139 453 2202 Prout
474 2138 570 2203 etiam
586 2137 745 2203 mandanti
766 2156 828 2202 uon
843 2139 1038 2222 praejudicat
1052 2146 1241 2222 procurator
1255 2137 1444 2221 acceptando
1466 2137 1562 2218 depo-

184 2248 318 2314 sitiones
340 2247 470 2312 testiunr
493 2246 621 2311 uulliter
642 2246 909 2327 examinatorum,
931 2248 957 2312 si
979 2266 1040 2311 non
1063 2249 1175 2314 habnt
1205 2247 1335 2330 speciale
1357 2245 1560 2320 mandatum,

185 2356 376 2421 Bertocdin.
398 2357 434 2418 ia
457 2369 516 2419 otto
539 2363 652 2436 repert.
674 2355 710 2419 io
735 2353 814 2419 eard.
833 2364 1029 2434 procurator
1051 2375 1083 2419 a.
1104 2352 1156 2419 311.

281 2463 330 2527 17.
352 2464 417 2528 Nec
437 2463 620 2546 appellando
642 2479 660 2527 a
682 2464 835 2528 sententia
859 2463 954 2542 nulla,
976 2464 1050 2543 quia
1073 2463 1145 2527 lieet
1167 2480 1224 2545 per
1254 2462 1491 2546 appellationem
1516 2459 1562 2523 vi-

184 2573 303 2637 deatur
326 2571 477 2635 ratiticata
500 2570 663 2649 sententia,
679 2569 715 2634 1
739 2567 931 2656 3811111111
952 2570 984 2654 ff
1001 2588 1069 2635 rem
1092 2581 1154 2635 rut.
1176 2571 1280 2634 nata.
1303 2570 1436 2650 Quando
1459 2577 1563 2635 tanmn

183 2680 340 2743 sententia
362 2683 410 2743 est
432 2677 516 2742 nulla
540 2695 581 2742 ex
604 2677 728 2742 delectu
750 2678 976 2760 jurisditiouis,
999 2679 1046 2744 vel
1069 2680 1199 2746 alterius
1228 2680 1370 2746 detectus
1399 2679 1564 2745 existentis

184 2789 216 2851 in
241 2789 308 2870 ipsu
331 2787 502 2865 sententia,
526 2804 583 2869 per
605 2786 842 2869 appellationem
869 2789 1086 2868 procuratoris
1106 2807 1168 2852 non
1190 2789 1396 2854 confirmatur
1420 2788 1450 2850 in
1473 2802 1565 2867 prae-

180 2896 341 2979 judicium
363 2897 482 2962 domini
505 2897 734 2971 constituentis,
762 2896 868 2961 Porta.
891 2915 975 2960 eoos.
999 2893 1063 2960 108
1087 2916 1119 2961 a.
1141 2894 1185 2962 to
1207 2908 1234 2964 et
1255 2895 1301 2962 49
1324 2894 1425 2962 1111.

277 3000 329 3068 18.
351 3005 415 3068 Nec
437 3004 582 3069 similiter
604 3003 732 3068 domino
764 3005 993 3087 praejudicaret
1023 3010 1212 3088 procurator
1234 3004 1394 3070 redeundo
1417 3004 1456 3068 ad
1476 3003 1561 3085 judi-

184 3132 254 3179 cem
279 3119 464 3198 gravantem
487 3118 558 3197 post
589 3114 826 3195 appellationem
858 3115 1094 3198 interpositam,
1117 3113 1267 3179 &odom
1287 3117 1323 3179 ta
1346 3113 1498 3179 addition.
1521 3110 1563 3173 ud

181 3239 262 3285 ectus
284 3222 377 3286 decta.
400 3220 540 3300 March„
561 3222 652 3286 decta
676 3216 740 3284 144
761 3243 793 3286 a.
816 3219 846 3286 6.

275 3329 330 3395 19.
352 3331 478 3396 llantur
498 3337 604 3396 tamen
634 3349 724 3397 casus
746 3333 777 3396 in
799 3333 914 3411 quibus
945 3339 1135 3415 procurator
1157 3334 1196 3399 ad
1219 3335 1288 3399 lites
1308 3339 1412 3417 potest
1433 3332 1559 3398 domiuo

180 3440 417 3524 praejudicare,
431 3444 509 3522 puta
531 3442 556 3505 si
580 3445 702 3522 peteret
723 3440 863 3505 debitum
879 3457 897 3505 a
912 3441 1064 3523 debitore,
1079 3459 1174 3522 quem
1197 3443 1343 3507 dominus
1365 3442 1559 3517 liberaverat,

180 3548 310 3630 adjecto
331 3553 422 3630 pacto
443 3548 482 3612 de
504 3549 639 3631 amplius
668 3567 729 3613 uon
760 3550 902 3633 petendo.
924 3552 1002 3615 Nam
1035 3552 1181 3616 domiuus
1211 3552 1342 3616 debebat
1372 3550 1561 3614 denunciare

180 3657 389 3738 procuratori
412 3673 451 3720 ne
472 3656 511 3722 ab
533 3656 586 3721 illo
617 3662 758 3740 peteret,
780 3658 816 3721 1.
845 3661 952 3741 fucere
974 3678 1040 3724 non
1073 3668 1216 3739 oportere
1249 3656 1314 3721 189
1336 3660 1371 3722 in
1392 3659 1452 3740 fio.
1474 3656 1559 3737 ffde

179 3767 262 3831 oerd.
285 3767 393 3849 munis.
418 3765 450 3828 1.
470 3765 650 3848 fidejussor.
674 3765 732 3851 1§
757 3764 773 3827 1
796 3766 827 3849 ff
845 3767 971 3844 moad,
987 3767 1078 3832 Bort.
1100 3771 1134 3832 in
1159 3768 1194 3831 1.
1218 3769 1254 3830 io
1277 3767 1333 3830 illo
1356 3764 1377 3826 2
1398 3785 1420 3828 n
1436 3812 1444 3827 .
1459 3812 1467 3828 .
1482 3760 1564 3843 ..ff

178 3875 218 3939 de
241 3876 328 3941 verb.
350 3876 438 3958 altio.

271 3983 392 4050 211111
414 3985 515 4050 multo
538 3987 637 4068 magis
660 3983 793 4067 petendo
816 3983 1045 4067 praejudicaret
1068 3985 1195 4050 domiuo
1210 3984 1235 4049 si
1250 3983 1444 4047 constituens
1458 3978 1561 4044 dedis-

176 4099 226 4157 set
250 4091 298 4156 illi
322 4092 496 4175 specialiter
519 4093 550 4156 in
574 4092 746 4170 mandatis,
770 4093 855 4171 quod
878 4092 1021 4158 debitum
1045 4093 1120 4156 illud
1143 4098 1283 4174 peteret,
1305 4090 1393 4154 Alea.
1415 4091 1449 4153 io
1472 4088 1500 4151 d
1527 4086 1560 4148 1.

178 4199 214 4261 in
237 4199 302 4262 illa
324 4218 347 4262 a
347 4247 478 4263 .....
498 4200 529 4282 tj
546 4198 583 4264 de
602 4201 684 4265 vero.
706 4201 804 4282 odlip,
828 4201 949 4283 Reduff.
973 4202 1008 4265 ia
1031 4202 1060 4265 d
1084 4201 1119 4264 L.
1142 4204 1249 4284 jorae
1272 4219 1337 4264 noo
1361 4207 1514 4277 oportere.

270 4305 329 4372 21.
349 4307 444 4388 Qraod
467 4314 571 4375 tumen
594 4310 735 4392 procedit
757 4311 782 4374 si
804 4310 952 4375 dominus
972 4310 1053 4374 hanc
1076 4309 1259 4392 petitionem
1293 4313 1394 4370 ratam
1423 4304 1559 4389 ¹lrabeat,

180 4419 219 4479 ut
241 4414 386 4481 declarat
409 4416 529 4500 Retujj.
551 4419 587 4482 in
608 4418 637 4481 d.
662 4417 697 4481 1.
719 4420 826 4500 [acere
849 4436 914 4481 noo
937 4427 1090 4499 oportere.

272 4521 409 4592 2111111
432 4531 596 4610 propterea
619 4527 768 4592 admonet
788 4527 972 4602 debitorem,
996 4533 1092 4592 uteo
1114 4542 1187 4590 casu
1218 4531 1309 4589 curet
1343 4523 1434 4588 citari
1456 4521 1557 4585 domi-

179 4647 279 4709 num,
304 4637 338 4697 et
360 4634 481 4714 requiri
502 4635 543 4699 ad
562 4635 785 4700 declarandum
815 4654 854 4699 an
877 4634 952 4698 velit
974 4634 1088 4698 trabere
1111 4639 1211 4699 ratam
1235 4635 1349 4699 dictam
1373 4632 1556 4715 petitionem

177 4753 197 4799 a
219 4747 432 4819 procuratore
454 4741 578 4819 uetant
600 4758 673 4807 aaut
695 4745 846 4808 stratam
870 4760 930 4804 non
955 4740 1066 4806 habeat
1089 4743 1187 4808 evitat
1209 4760 1324 4824 poenam
1340 4743 1511 4816 incursum,
1525 4744 1559 4803 et
