3734 5750
1587 465 1621 511 lx

265 611 459 686 procurem
484 588 718 684 gerentibus,
751 589 856 663 tieret
881 589 1169 682 promptuarium
1207 589 1419 684 doctrinae,
1446 590 1626 687 praescri-

264 716 366 803 ptum
392 705 578 781 scientiae.

361 827 458 900 Ecce
482 845 580 900 nunc
605 844 696 918 ergo
719 824 780 898 ille
806 827 1019 917 tractatus,
1046 825 1107 918 qui
1133 845 1155 897 a
1179 824 1453 917 Mandantibus,
1479 828 1628 902 Manda-

264 940 387 1034 tariis,
415 963 437 1014 a
461 940 762 1016 Procuratoribus
785 940 954 1015 omnibus
978 941 1108 1015 diurna
1133 949 1385 1035 nocturnaque
1404 962 1518 1015 manu
1542 965 1627 1018 ver-

134 1145 140 1154 ,
266 1060 400 1133 sandus
431 1059 608 1134 elucescit
640 1057 679 1131 in
702 1053 820 1149 noro,
853 1065 893 1131 et
924 1057 963 1131 in
996 1077 1068 1152 quo
1101 1060 1216 1132 multa
1244 1059 1428 1153 reperient
1448 1059 1625 1154 juristae,

264 1177 432 1269 ludices,
467 1175 672 1268 Causidici,
706 1176 958 1251 Iurisconsulti
991 1176 1036 1251 ad
1071 1176 1325 1253 contentiones
1352 1176 1553 1269 sedandas,
1580 1180 1626 1252 ad

266 1293 362 1368 bene
398 1294 443 1369 de
477 1292 587 1369 rebus
623 1294 799 1368 utendum
837 1293 987 1384 alienis,
1026 1294 1072 1367 ad
1101 1292 1307 1368 claritatem
1343 1293 1628 1388 facilitatemque

267 1415 522 1489 inveniendam
548 1413 658 1489 rebus
683 1414 721 1488 in
747 1413 881 1488 arduis.

362 1531 414 1606 Ne
438 1530 573 1605 mirum
606 1532 760 1605 tortasse
785 1530 955 1604 uideatur
987 1530 1083 1622 quod
1115 1550 1206 1625 opus
1237 1530 1443 1633 hujusmodi
1476 1532 1628 1626 prodeat

266 1671 363 1724 nunc
389 1658 556 1743 tantum,
582 1649 901 1745 operaepretium
934 1648 1104 1722 duximus
1130 1648 1266 1743 aliquid
1295 1650 1340 1723 de
1365 1670 1478 1723 causa
1503 1650 1629 1726 dicen-

265 1767 362 1843 dum.
388 1771 478 1844 Fato
502 1769 613 1843 cessit
645 1768 850 1844 Ludovicus
876 1766 1129 1841 tertiodecimo
1154 1767 1336 1841 Kalendas
1361 1768 1517 1843 Sextiles
1541 1769 1627 1844 anni

264 1889 446 1963 millesimi
472 1887 731 1964 sexcentesimi
764 1885 943 1982 trigesimi
968 1886 1133 1981 septimi,
1159 1893 1312 1981 etopus
1345 1889 1441 1981 quod
1467 1888 1629 1963 conscri-

263 2014 386 2101 pserat
405 2006 443 2078 in
463 2004 728 2080 haereditatem
754 2003 897 2077 transiit
921 2002 1094 2095 antiquae
1120 2002 1323 2096 nobilisque
1344 2004 1503 2079 familiae
1528 2025 1628 2080 suae.

263 2123 392 2196 Petrus
410 2122 651 2217 Hyeronimus
670 2119 827 2195 (leucius
847 2120 1021 2194 Ludovici
1041 2140 1235 2215 pronepos,
1257 2121 1320 2213 qui
1340 2121 1407 2195 tuit
1418 2122 1628 2213 Perusinae,

263 2238 546 2329 Maceratensis,
571 2238 817 2331 Lucensisque
850 2240 966 2313 Rotae
991 2246 1250 2312 ornamentum
1278 2245 1317 2312 et
1342 2238 1477 2330 decus,
1504 2241 1630 2313 excel-

265 2358 417 2432 lentiam
442 2356 534 2431 tanti
559 2363 738 2430 tractatus
762 2356 1095 2451 supereminentem
1119 2356 1271 2431 intuitus
1294 2357 1397 2430 illum
1418 2358 1567 2432 adauxit
1592 2366 1630 2433 et

265 2473 461 2546 illustravit
480 2479 519 2546 ut
539 2472 634 2568 typis
654 2471 850 2564 aliquando
868 2472 907 2545 in
922 2473 1135 2567 juristamm
1155 2473 1402 2569 publicaretur
1422 2476 1629 2550 utilitatem.

265 2592 318 2664 db
343 2590 481 2685 optimo
500 2588 762 2684 jurisconsulto
775 2590 855 2684 jam
876 2589 956 2683 jam
980 2596 1061 2664 erat
1084 2590 1333 2684 evulgandus,
1359 2593 1505 2684 quando
1529 2613 1630 2666 mors

266 2707 380 2779 vitam
406 2704 580 2796 abscidit,
606 2711 751 2799 etpost
784 2705 900 2780 lerme
925 2714 1076 2780 centurn
1101 2705 1252 2780 brumas
1275 2709 1359 2782 huic
1385 2711 1538 2804 tempori
1564 2710 1632 2785 tuit

268 2829 499 2913 reservatus,
524 2830 565 2896 ut
591 2821 629 2896 in
653 2821 775 2896 lucem
800 2823 973 2919 prodiret.

362 2939 476 3035 igitur
500 2939 531 3013 si
555 2940 678 3015 omnia
711 2942 880 3014 Lodootci
905 2944 1025 3016 cencii
1049 2963 1162 3038 opera
1187 2944 1369 3037 insignia,
1404 2943 1629 3039 perbenigne

267 3061 413 3134 luerunt
433 3066 614 3154 excepta,
640 3078 788 3153 sperare
808 3058 934 3152 utique
954 3079 1146 3154 possumus
1169 3060 1406 3154 idemipsum
1431 3059 1516 3134 buic
1538 3078 1629 3152 quo·

267 3196 338 3268 que
364 3174 630 3268 obventurum,
665 3194 782 3269 eoque
807 3176 926 3270 magis
951 3185 1077 3271 utpote
1110 3177 1157 3251 ab
1181 3177 1318 3251 eximio
1343 3178 1558 3251 adnotatore
1583 3176 1627 3250 il-

266 3294 483 3386 lustratum,
508 3301 547 3368 et
581 3314 603 3367 a
636 3292 897 3368 studiosissimo
921 3294 1028 3387 Viro,
1055 3295 1237 3386 revisum,
1271 3295 1504 3369 enucleatum
1530 3314 1630 3367 sum-

266 3411 407 3503 mario,
433 3418 472 3485 et
497 3410 544 3485 ad
568 3409 851 3505 publicationem
877 3411 1069 3486 directum.

363 3528 473 3603 Vobis
505 3529 655 3603 tandem
687 3529 833 3624 optimis
865 3529 1134 3605 Iurisconsultis
1168 3528 1271 3623 queis
1288 3529 1400 3611 ‚bunc
1431 3534 1629 3602 tractatum

266 3644 472 3737 offerimus,
506 3646 552 3720 de
585 3649 664 3742 ejus
697 3647 872 3740 utilitate,
908 3648 1025 3742 deque
1050 3649 1183 3723 merito
1217 3669 1450 3722 reservamus
1474 3645 1629 3721 tidenter

271 3760 499 3836 sententiam.
