3734 5750
330 333 425 416 rtc'
752 342 950 411 annovror
974 338 1273 415 arconneso
1374 342 1379 385 ³

396 517 442 579 12.
466 518 539 581 aco
561 532 654 579 casus
675 523 878 577 recensentur
899 514 936 574 t'n
958 513 1069 593 quidus
1092 516 1224 579 resultat
1246 508 1378 579 tanim
1402 517 1598 580 ntdtidaturn:

395 624 442 689 13.
467 626 659 689 Mandatum
681 625 813 688 tacitum
836 621 953 685 dieitur
976 623 1056 684 oriri
1079 623 1161 686 inter
1184 622 1402 759 tripodantem
1410 624 1456 685 et
1444 620 1614 759 adjectum

523 734 559 796 iu
580 732 792 813 mpuiatt‘anc.
933 758 936 764 ·
1106 748 1121 767 ⁴<

353 839 442 905 11.
468 841 645 922 Stipuiatar
666 840 812 921 manui
831 848 931 918 pateat
954 839 993 902 ab
1014 838 1133 903 adiecto
1155 841 1277 904 aetiam
1301 766 1447 903 manaan
1470 766 1554 921 pena
1575 844 1620 903 oi-

360 967 365 976 ·
523 967 595 1030 pore
609 948 822 1030 stipulationis
837 947 901 1027 fuit
917 956 1146 1029 consequutus,
1165 942 1228 1012 niti
1242 948 1343 1029 suerit
1358 940 1505 1095 discisis
1513 946 1620 1009 anuto

523 1058 673 1122 donandi.
790 1072 794 1085 ’
1566 1052 1581 1087 ’

396 1166 443 1229 15.
467 1167 596 1231 Anime
625 1164 762 1228 dicitur
772 1163 882 1227 tatere
910 1163 952 1227 ab
972 1164 1078 1226 antico
1111 1165 1243 1226 tacitum
1273 1162 1479 1226 mandatura
1494 1156 1621 1243 amado

523 1276 607 1336 inter
621 1289 670 1336 eos
685 1273 849 1336 intercedit
863 1274 1007 1335 amicitia
1019 1273 1094 1352 pius
1107 1288 1211 1353 quam
1217 1264 1388 1336 'ordinaria
1403 1280 1431 1334 et
1440 1272 1618 1351 sinpuiaiis.

390 1381 442 1443 10.
466 1379 663 1462 Hujusmadi·
679 1382 802 1444 amicus
823 1381 907 1443 uenit
930 1381 1139 1461 appedoctone
1161 1394 1301 1443 εειεεεεεε.

392 1486 440 1550 17.
466 1486 664 1567 Coniunctus
685 1504 745 1567 pro
766 1487 935 1567 conpacto
956 1488 1143 1552 admittitur.

394 1591 442 1659 18.
468 1596 521 1661 Ita
542 1596 668 1659 admitti
689 1595 772 1665 dedet
794 1596 915 1659 amores
933 1606 996 1676 pra
1019 1597 1129 1659 arnico

380 1704 724 1769 =19.Yaiisarnicitia
742 1704 978 1784 praeponderat
1000 1702 1219 1784 conjunctioni
1241 1705 1417 1783 munninio.

392 1813 442 1877 20.
467 1815 596 1878 anneus
626 1815 753 1893 ciipitur
783 1812 823 1876 ai
853 1813 921 1893 ipso
958 1813 1077 1887 arnico,
1109 1810 1289 1891 coniunctio
1326 1824 1398 1872 uero
1377 1813 1621 1939 prooenito

526 1928 655 1983 namra.
741 1948 749 1966 ι
800 1936 803 1945 ·
1098 1942 1100 1947 ·
1512 1972 1516 1977 .

391 2028 442 2091 21.
470 2028 661 2110 Propensior
692 2037 734 2091 est
767 2030 888 2090 amicus
911 2043 985 2106 erpo
1016 2029 1174 2099 amioum
1198 2041 1294 2107 quom
1327 2025 1516 2104 conjunctus
1547 2042 1621 2105 erpa

525 2135 740 2214 conjunctum.

417 2374 599 2542 Explicito
623 2462 761 2523 tractatu
782 2457 821 2520 de
844 2455 990 2521 mandato
1013 2470 1177 2536 expromo·
1191 2457 1336 2536 naudar
1359 2459 1395 2520 at
1410 2452 1528 2538 aliana
1552 2457 1686 2522 dicamas

327 2568 365 2629 do
389 2566 500 2644 tacito,
523 2566 650 2646 etquis
672 2563 749 2627 iliud
772 2563 886 2628 habere
908 2564 1041 2629 dicatur.

418 2675 444 2738 1.
468 2674 609 2739 Tacitum
634 2674 741 2753 itaque
763 2670 945 2736 mandatam
969 2671 1044 2735 iliad
1071 2678 1136 2749 eat,
1158 2672 1242 2753 quod
1273 2672 1389 2752 absque
1420 2670 1523 2751 adana
1555 2670 1685 2735 hominis

329 2782 552 2859 declaratione,
571 2781 664 2846 sola'
653 2781 732 2862 paris
753 2778 953 2861 dispositione
976 2780 1059 2844 inter
1085 2785 1187 2844 certas
1211 2795 1356 2861 personas
1386 2778 1451 2841 et
1443 2795 1473 2840 ιιι
1504 2777 1684 2858 quibusdam

333 2893 454 2956 oesibas
475 2892 590 2956 iactum
613 2906 678 2954 esse
700 2888 904 3021 intelligitur,
926 2889 1011 2969 qaod
1033 2888 1237 2971 infrascriptis
1256 2887 1411 2969 exemplis
1440 2886 1575 2951 diindde
1595 2903 1686 2967 appa-

329 2999 420 3062 rebit.
632 3017 635 3026 ·

415 3103 444 3168 2
468 3078 611 3170 Primam
634 3108 741 3169 autem
762 3103 943 3186 exemplam
965 3104 1038 3168 sit
1029 3122 1061 3167 ιιι
1085 3103 1231 3168 mandato
1254 3103 1338 3185 qaod
1360 3104 1436 3168 socii
1463 3104 1611 3169 dicuntur
1633 3102 1686 3166 ha-

330 3217 401 3279 bere
422 3211 462 3276 ad
484 3211 615 3275 invicem
638 3211 719 3274 cars
740 3228 777 3276 ea
800 3228 881 3293 qaae
902 3216 1043 3293 εροο1ειιε
1064 3216 1097 3275 et
1119 3213 1277 3294 pertineat
1295 3213 1335 3277 ad
1349 3214 1547 3289 monum,
1561 3213 1687 3277 Decian.

330 3339 413 3386 cons.
434 3316 477 3383 30
500 3315 575 3383 nod
596 3320 644 3384 iii.
669 3317 705 3396 1·‚
729 3318 813 3384 liin.
837 3319 914 3383 dun
938 3337 1020 3384 cons.
1050 3314 1114 3382 331
1138 3339 1172 3383 n.
1196 3318 1235 3382 11
1260 3320 1310 3384 to.
1332 3317 1371 3396 3,
1395 3317 1489 3384 Grac.
1510 3338 1592 3383 cons.
1625 3317 1687 3382 120

330 3445 360 3491 n.
386 3425 424 3502 1,
449 3424 604 3491 Bertazoi.
635 3444 717 3492 eone
733 3429 836 3490 ortu.
867 3423 933 3490 558
955 3446 987 3490 n
1012 3424 1053 3491 13
1075 3435 1102 3491 et
1124 3445 1183 3509 seq.
1205 3427 1253 3492 tid.
1275 3426 1315 3502 2,
1350 3427 1465 3491 Hector
1498 3426 1633 3493 Feiicius
1656 3431 1687 3491 in

267 3609 271 3616 .
331 3543 419 3597 tract.
442 3533 478 3595 de
501 3535 635 3597 societat.
658 3551 726 3616 cap.
751 3530 792 3597 11
814 3554 847 3598 n.
868 3530 912 3598 tt
934 3545 962 3599 et
983 3553 1052 3617 cap.
1075 3533 1118 3599 28
1140 3538 1172 3599 n.
1195 3535 1246 3600 71.

416 3637 446 3704 a.
467 3638 563 3705 &aas
584 3646 692 3706 natam
713 3648 857 3724 respecta
878 3642 1010 3707 aliarum
1034 3657 1238 3726 personarum
1261 3652 1352 3711 extra
1374 3647 1565 3712 soeietatem.

416 3745 446 3811 1.
470 3752 516 3813 Ac
547 3755 711 3831 propteroa
745 3769 826 3815 unas
850 3768 892 3816 ex
913 3752 1004 3816 sociis
1026 3769 1088 3816 non
1118 3758 1221 3834 potest
1243 3753 1275 3816 in
1296 3753 1430 3817 suidam
1459 3770 1555 3836 agero
1582 3760 1685 3819 coam

327 3858 481 3923 debitores
513 3858 685 3935 societatis,
715 3858 767 3923 sed
799 3858 967 3924 dumtaxat
997 3877 1054 3941 pro
1085 3861 1141 3924 sua
1174 3859 1255 3922 virili
1287 3861 1449 3941 portione,
1472 3859 1562 3925 Bart.
1595 3862 1630 3924 iu
1656 3860 1687 3922 L.

329 3963 467 4027 eactdem
489 3966 525 4027 in
547 3965 649 4044 princ.
670 3968 706 4030 in
727 3965 749 4027 7
771 3977 888 4049 quaest
909 3988 942 4032 u.
964 3966 985 4031 0
1008 3985 1084 4032 ores.
1107 3968 1174 4032 dioc
1190 3985 1261 4049 erpo
1274 3967 1350 4050 tide
1364 3969 1581 4046 duodusrcin
1595 3987 1688 4051 aneia

330 4070 539 4134 communitor
561 4076 739 4151 sequuntur
769 4073 841 4138 DD.
862 4075 905 4138 iii
924 4085 954 4139 et
975 4078 1010 4140 in
1034 4075 1069 4141 L
1091 4079 1229 4142 nunus
1247 4094 1288 4140 eo
1307 4081 1500 4159 armatoriis
1529 4081 1566 4143 in
1587 4081 1688 4160 princ.

329 4174 361 4254 ff.
384 4175 420 4238 de
439 4185 540 4256 pact,
563 4177 617 4241 udi
638 4177 725 4243 Alea.
749 4198 780 4243 n.
803 4179 824 4243 2
844 4191 874 4246 et
894 4178 918 4244 1
939 4188 1075 4247 testatur
1096 4184 1136 4248 de
1158 4188 1336 4264 communi,
1356 4185 1688 4269 comparaison

333 4280 387 4358 qai
418 4282 560 4348 similiter
591 4287 727 4352 testatur
756 4287 795 4352 dc
824 4292 1003 4368 communi,
1034 4291 1107 4357 licet
1137 4294 1303 4374 relinqunt¹
1329 4297 1532 4379 cogitandam
1574 4297 1688 4362 Petrus

333 4388 480 4455 Nicotaus
509 4389 653 4462 nocitus
675 4398 710 4459 in
741 4405 831 4461 tract.
860 4399 897 4462 dc
929 4408 1066 4463 contras.
1097 4395 1133 4463 in
1157 4402 1203 4464 tit.
1225 4403 1262 4466 de
1283 4404 1418 4468 εοείεεεε.
1441 4422 1516 4474 cers.
1538 4407 1627 4469 nenio
1647 4405 1688 4466 ad

330 4500 478 4579 quintum
501 4519 531 4564 n.
554 4499 614 4577 20,
640 4503 775 4569 Feiieius
797 4507 824 4569 d.
847 4523 916 4587 cap.
942 4503 984 4574 lla
1005 4525 1037 4570 n.
1062 4505 1133 4572 100.
1169 4543 1173 4550 ·
1238 4533 1240 4544 ’

418 4604 446 4667 5.
467 4606 642 4671 Vemania
665 4610 756 4690 locis,
779 4613 833 4678 ubi
856 4615 963 4697 vigore
984 4618 1095 4681 statuti
1117 4617 1191 4682 socii
1217 4618 1397 4702 obligantur
1420 4621 1451 4682 ia
1474 4619 1608 4684 wadum
1630 4634 1687 4698 pro

328 4708 436 4783 sociis,
465 4718 561 4792 prom
589 4719 637 4779 ost
667 4719 815 4784 Perusiae
844 4721 944 4803 patria
976 4739 1044 4785 mea
1075 4741 1116 4787 ex
1146 4727 1429 4793 nonnitutioaibas
1451 4728 1572 4812 ooiiagii
1604 4727 1688 4808 qaod

328 4824 438 4884 vocant
461 4824 666 4904 mercantias,
688 4828 755 4894 taio
772 4828 955 4895 mandatam
981 4825 1206 4900 extnairetar
1235 4829 1330 4902 etnim
1352 4835 1391 4901 ad
1413 4836 1545 4903 aliorum
1570 4834 1688 4917 portio-
